3900 6090
133 268 191 332 113
354 269 609 335 WIDUKINDUS
633 273 883 335 COEBEIENSlS
906 273 1129 342 honestius.
1154 311 1192 323 —
1212 280 1371 345 NOTITIA
1393 278 1611 343 hissoulch.
1776 276 1835 341 111

167 428 258 504 Inque
274 430 469 499 monasteriis,
486 430 621 503 pluribus
636 431 725 506 inquo
742 432 824 489 locis.

129 520 199 584 Quis
213 535 320 575 vovens
335 518 458 575 Domino
473 520 645 589 construxit,
662 521 746 594 eique
762 521 894 591 sacravit,

166 605 309 663 Centenos
323 606 352 663 in
369 608 410 663 eis
424 607 636 664 accumulando
652 625 770 680 gregem

128 695 185 761 Qui
200 695 275 751 inter
290 696 443 752 Pontifices
458 697 599 752 minimus
615 695 782 753 nullatenus
797 703 900 766 exstat,

165 784 257 857 Cujus
272 784 409 842 doctrine
426 784 560 857 splendet
575 785 683 856 ubique
694 786 784 855 jubar
800 802 806 840 :

128 874 208 930 lntcr
222 873 397 945 apostolicos
412 875 462 929 sed
478 873 556 929 lucet
570 873 598 929 in
613 890 664 928 axe
679 873 852 931 llierarchos
870 893 875 928 :

165 961 219 1016 Per
232 978 320 1033 quem
337 960 421 1035 signa
435 962 504 1017 facit
517 964 579 1034 jam
596 961 751 1018 manil'esta
765 963 853 1029 Deus,

129 1049 284 1106 illustrans
298 1050 398 1105 oculos
414 1054 487 1106 tetra
499 1050 622 1123 caligine
639 1066 761 1118 mersas,

164 1139 200 1194 Et
214 1155 352 1195 reuocans
367 1139 463 1194 nervis
479 1138 619 1211 languida
635 1139 766 1194 membra
783 1139 853 1195 suis.

126 1228 170 1282 Ad
187 1228 271 1299 cujus
287 1243 403 1283 sacrum
419 1227 539 1283 veniunt
554 1227 721 1299 quicunque
737 1227 915 1300 sepulerum,

164 1315 237 1371 Cam
252 1315 388 1387 precibus
404 1315 520 1388 plenam
536 1315 701 1388 percipiunt
715 1316 839 1372 veniam.

126 1402 240 1475 Quique
254 1405 311 1459 tide
326 1403 404 1475 pleni
418 1409 553 1476 quaerant
568 1404 708 1460 beneficia
722 1404 838 1472 Christi,

163 1491 286 1548 Munera
301 1510 365 1565 quar
381 1493 502 1566 eupiunt
517 1492 631 1549 cmlitus
646 1492 808 1548 inveniunt.

126 1580 274 1653 Comperit
288 1580 343 1637 hoc
358 1597 452 1654 nuper
464 1581 585 1654 quidam
600 1581 644 1636 vir
660 1580 765 1636 nabilis
783 1581 906 1648 AElfelm,

162 1669 309 1726 lnsomnis
322 1669 456 1725 tumbam
468 1671 573 1742 jussus
589 1670 669 1724 adire
684 1686 813 1737 sacram;

127 1757 217 1829 Cujus
232 1761 315 1813 erant
329 1756 406 1814 oculi
422 1757 512 1814 nimio
527 1757 710 1830 glaucomate
726 1758 828 1824 clausi,

162 1847 220 1903 llec
235 1845 326 1903 valuit
340 1847 476 1919 phaebum
491 1863 608 1903 eernere
624 1863 677 1903 nec
692 1847 817 1903 radium.

126 1935 181 2003 Oai
197 1951 265 1992 max
279 1934 338 1991 buo
352 1936 481 2003 veniens,
499 1936 624 1993 Sanctus
638 1936 787 1992 mandavit
801 1939 834 1992 ut
848 1936 925 1992 idem

162 2023 293 2097 Percepit
307 2022 420 2079 clarum
436 2023 558 2081 luminis
572 2025 723 2092 intuitum,

126 2113 161 2169 llt
175 2111 258 2168 nullo
274 2112 399 2169 ducente
414 2111 499 2181 redit,
516 2113 640 2169 miratur
655 2112 727 2168 etin
743 2131 774 2169 se

161 2200 262 2269 Qualis
274 2204 338 2258 erat
351 2200 480 2270 veniens,
495 2201 593 2273 qualis
608 2206 636 2258 et
651 2201 720 2258 hine
735 2203 860 2259 rediens.

126 2291 174 2347 Sic
187 2292 276 2347 etiam
292 2290 426 2363 quaedam
441 2291 530 2347 nimis
547 2290 695 2347 infirmata
709 2290 816 2364 puella.

158 2379 282 2436 Ducitur
295 2380 331 2436 ad
346 2379 494 2435 tumulum
510 2384 604 2436 matre
618 2384 752 2454 gemente
768 2396 895 2436 sacrum.

125 2468 262 2526 Protinus
276 2468 423 2525 obdormit
435 2466 560 2541 vigilans
574 2468 732 2525 sanissima
747 2469 851 2543 surgit,

161 2557 377 2630 {nocturnisque
388 2557 509 2613 domum
524 2573 593 2613 cum
608 2558 753 2631 genetrice
769 2558 853 2613 redit.

125 2645 207 2703 'l'alia
221 2645 292 2718 qaid
307 2645 414 2702 mirum
432 2645 553 2702 rutilant
568 2647 645 2720 quod
661 2647 746 2719 signa
760 2662 812 2720 per
826 2646 920 2714 illum,

158 2736 195 2791 Et
209 2735 369 2808 quodpost
384 2738 508 2791 mortem
523 2735 620 2792 clarus
637 2735 666 2790 in
682 2735 770 2792 ethre
786 2735 896 2792 micat?

124 2815 216 2895 Crrjus
229 2823 289 2880 vite
303 2820 358 2880 luit
372 2823 529 2879 uirtutibus
545 2824 676 2895 undique
690 2823 776 2897 plena
792 2841 798 2879 :

162 2911 217 2980 Qui
228 2912 339 2986 jugiter
352 2911 465 2969 studuit
479 2912 566 2969 corde
581 2911 695 2985 placere
709 2913 784 2978 Deo;

968 413 996 481 Α
1011 411 1262 486 Temporibusque
1278 413 1340 472 suis
1356 414 1434 471 clara
1449 417 1536 485 atque
1551 410 1683 483 exempla
1699 409 1805 466 suturis

1045 499 1179 570 Praebuit,
1196 502 1387 558 altithronum
1401 519 1516 574 semper
1532 501 1656 557 amando
1671 500 1773 566 Deum,

1010 587 1162 662 Multiplici
1174 589 1269 662 jubilo
1285 591 1415 664 gaudens
1430 590 1551 647 feliciter
1566 607 1572 645 :
1591 589 1667 645 unde

1044 676 1176 733 Exsultat
1191 678 1298 734 Christi
1314 680 1420 736 nobilis
1435 679 1571 737 Ecclesia.

1008 766 1059 822 Est
1074 768 1212 838 quoniam
1228 769 1369 824 Dominus
1386 768 1529 825 mirabilis
1544 773 1572 824 et
1587 770 1772 836 metuendus,

1044 855 1098 920 qni
1114 856 1182 932 lacit
1195 856 1224 910 in
1239 859 1348 912 sanctis
1364 859 1448 930 signa
1464 859 1608 929 stupenda
1624 857 1695 913 suis.

1009 942 1082 998 Sunt
1096 943 1146 998 alii
1161 944 1260 1015 plures
1276 946 1362 1001 etiam
1379 945 1446 1001 hinc
1463 951 1548 1017 atque
1564 946 1629 1000 inde
1646 946 1741 1010 locati,

1043 1031 1084 1086 De
1099 1032 1206 1103 quibus
1222 1037 1266 1088 est
1281 1033 1336 1088 scri
1341 1037 1423 1105 ptum
1439 1035 1517 1106 (quod
1533 1034 1611 1090 canit
1626 1034 1754 1089 Ecclesia
1770 1053 1776 1089 :

1008 1120 1135 1193 Corpora
1151 1122 1324 1177 Sanctorum
1343 1128 1412 1178 sunt
1427 1123 1474 1178 hic
1490 1122 1519 1177 in
1536 1140 1607 1195 pace
1623 1122 1746 1195 sepulta,

1043 1209 1077 1264 Et
1091 1209 1190 1264 vivunt
1206 1227 1306 1266 eorum
1324 1212 1441 1267 nomina
1458 1213 1487 1266 in
1501 1216 1652 1267 aeternum.

1008 1301 1136 1364 Quorum
1153 1300 1228 1354 iacta
1244 1316 1370 1371 sequens
1385 1307 1412 1356 et
1427 1303 1504 1357 dicta
1519 1300 1643 1356 fideliter
1658 1299 1793 1372 implens,

1043 1386 1180 1456 Sedulus,
1198 1389 1363 1458 injunctum
1380 1390 1494 1461 perticis
1510 1389 1651 1445 osticium.

1008 1476 1119 1532 Lumen
1135 1477 1327 1548 apostolicum
1344 1478 1460 1550 populis
1477 1483 1525 1534 tua
1542 1477 1643 1549 lingua
1658 1478 1815 1535 ministrat.

1041 1565 1077 1619 Et
1089 1565 1211 1621 verbum
1228 1565 1340 1621 Domini
1357 1571 1384 1622 tc
1398 1571 1544 1623 reserante
1559 1570 1646 1638 patet.

1007 1651 1186 1725 Pauperibus
1200 1654 1320 1721 victum,
1338 1655 1425 1711 nudis
1441 1655 1556 1728 largiris
1572 1654 1722 1720 amictum,

1042 1740 1151 1797 Dividis
1163 1745 1192 1797 et
1206 1743 1323 1798 miseris
1339 1759 1461 1798 munera
1476 1743 1557 1816 larga
1572 1743 1639 1815 pius
1655 1761 1662 1798 ε

1007 1829 1043 1886 Ut
1057 1830 1215 1886 commissa
1229 1831 1280 1885 tibi
1297 1830 1447 1903 duplicata
1462 1830 1571 1887 talenta
1587 1837 1748 1903 reportans,

1041 1919 1169 1976 lntroeas
1186 1919 1302 1975 Domini
1317 1919 1426 1991 gaudia
1440 1937 1508 1975 vera
1523 1919 1575 1975 tui.

1005 2007 1137 2079 Suscipe,
1155 2024 1263 2079 quasso,
1280 2006 1333 2062 tibi
1350 2024 1414 2079 qua
1430 2009 1527 2064 dolero
1543 2025 1665 2065 munera
1681 2010 1765 2083 patri,

1039 2098 1133 2168 Atque
1148 2112 1182 2151 aa
1197 2114 1260 2168 quoe
1276 2095 1389 2152 meritis
1405 2096 1503 2152 debita
1518 2096 1598 2154 solvo
1612 2098 1682 2154 tuis.

1005 2185 1071 2241 llaec
1085 2183 1137 2240 tibi
1151 2183 1209 2240 vita
1224 2183 1274 2240 diu
1290 2201 1359 2257 rogo
1379 2202 1518 2258 prospera
1533 2190 1639 2242 cuncta
1654 2187 1810 2256 ministret,

1041 2275 1162 2345 busque
1176 2274 1276 2330 lutura
1291 2273 1343 2328 tibi
1360 2274 1544 2347 prosperiora
1558 2275 1641 2331 ierat.

1006 2361 1057 2417 llic
1072 2361 1196 2417 Domino
1211 2361 1320 2418 multos
1336 2362 1431 2419 solvas
1444 2364 1492 2436 pia
1503 2368 1569 2420 vata
1585 2382 1752 2437 perennes,

1041 2449 1077 2505 ut
1090 2449 1142 2505 tibi
1160 2450 1323 2507 commissa
1340 2450 1570 2524 multiplicentur
1584 2470 1661 2509 oves.

1004 2538 1040 2594 Et
1053 2539 1160 2594 subeas
1176 2556 1300 2612 regnum
1316 2556 1403 2614 grege
1417 2545 1445 2596 te
1461 2541 1617 2597 cornitanto
1632 2560 1793 2614 supernum

1040 2624 1113 2682 Cum
1130 2627 1239 2682 sanctis
1255 2643 1371 2700 semper
1385 2627 1469 2684 lectus
1485 2628 1514 2683 in
1530 2645 1595 2684 arce
1611 2629 1679 2700 poli.

1005 2715 1085 2782 Quod
1102 2713 1153 2769 tibi
1167 2715 1308 2770 concedat
1323 2716 1372 2787 qui
1389 2719 1494 2771 cuncta
1508 2716 1651 2773 elementa
1663 2719 1807 2790 gubernat

1040 2803 1123 2860 Unus
1138 2802 1248 2876 ubique
1262 2808 1366 2877 potens
1381 2805 1411 2860 in
1427 2803 1569 2861 Trinitate
1585 2804 1672 2865 Deus.
1688 2807 1790 2864 Amen.

761 3302 837 3342 ΛΝΝΟ
857 3302 963 3343 ooutul
983 3302 1186 3344 ucccctxxxru.

603 3387 1348 3644 Wrounrunus

752 3764 947 3822 MONAGHUS
966 3764 1200 3823 consulensis

572 4137 741 4208 NOTlTlA
770 4137 998 4222 lllSTOlllCA
1025 4139 1067 4210 lN
1095 4138 1375 4209 WlDUKlNDUll

722 4366 845 4437 (Fabric.
864 4367 938 4423 Bibl.
955 4368 1031 4425 med.
1048 4371 1077 4425 et
1090 4368 1142 4424 ini.
1160 4368 1235 4436 Lat.)

155 4728 436 4799 wirlamecester
453 4729 642 4796 Widolrindu's,
660 4731 754 4803 patria
769 4732 853 4800 Saxo,
870 4731 1032 4787 monachus
1049 4731 1226 4798 Coracicnsir,
1238 4731 1368 4788 discendi
1380 4747 1469 4786 causa
1480 4727 1690 4785 monasterium
1706 4726 1824 4783 Hirsau·

119 4816 223 4927 prenae
239 4800 319 4869 adiit,
335 4805 400 4875 post
416 4803 452 4858 ad
467 4802 656 4858 corbeienses
671 4802 766 4864 rediit,
783 4802 882 4874 ibique
897 4802 1006 4859 scholis
1022 4803 1146 4875 praefuit.
1163 4803 1355 4875 Magnaaldus
1370 4801 1539 4875 Ziegelbaur
1553 4799 1582 4854 in
1604 4799 1766 4870 Conspectu
1782 4799 1823 4854 rei

130 4872 268 4929 rtterariae
282 4873 345 4928 ord.
362 4873 391 4928 S.
408 4873 556 4929 benedicti
570 4876 645 4945 part,
661 4890 681 4939 1,
697 4891 724 4943 p.
741 4873 786 4927 99.
803 4873 927 4946 Scripsit
940 4873 1018 4930 circa
1033 4891 1080 4930 an.
1095 4875 1149 4929 880
1163 4876 1199 4930 Dc
1214 4875 1293 4930 rebus
1306 4874 1447 4929 Sasona-m
1460 4873 1539 4942 pestis
1564 4870 1654 4925 libros
1671 4886 1712 4936 ιιι,
1729 4869 1824 4926 editos

120 4943 251 5015 primum
267 4943 343 4999 inter
357 4944 518 5016 Scriptores
533 4943 721 5000 Germanicos
736 4944 878 5014 llervagii,
896 4944 983 5001 Basil.
1000 4946 1078 5012 1532,
1095 4945 1157 5011 fol„
1175 4950 1275 5018 postea
1289 4945 1410 5000 lleinero
1427 4940 1589 5009 lteineccio,
1612 4940 1670 4996 Eri.
1688 4941 1757 4997 1580
1772 4940 1821 4997 iol.

120 5015 157 5072 ab
173 5013 297 5071 ilenrico
312 5015 467 5072 Meibomio
482 5016 605 5083 seniore,
623 5015 692 5083 l'rl„
710 5015 787 5074 1621.
803 5014 853 5071 iol.
871 5032 939 5071 curn
953 5016 1191 5072 adnotationibus
1202 5033 1276 5087 quas
1286 5031 1376 5086 nepos
1391 5013 1572 5084 Scriptorum
1583 5012 1823 5069 Germanicorum

118 5083 304 5142 Collectiaais
317 5091 389 5142 tom.
407 5086 418 5143 1
433 5087 556 5158 repetiit.
572 5086 703 5143 Tandem
729 5085 890 5142 Leibnitius
913 5087 1054 5143 Summam
1079 5087 1203 5158 Capisam
1221 5085 1376 5142 Witiclriodi
1396 5101 1431 5140 er
1446 5084 1534 5140 codice
1554 5086 1665 5156 antiquo
1681 5084 1824 5140 Catinensi

117 5155 246 5212 inseruit
257 5161 337 5213 tomo
352 5157 363 5214 l
376 5157 405 5213 S.
423 5157 456 5213 R.
475 5156 730 5214 Brunsvicensium
746 5174 774 5229 p.
790 5160 843 5212 208
855 5163 1028 5229 sequuntur,
1044 5157 1152 5214 ibidem
1169 5176 1197 5230 p.
1214 5158 1264 5211 211
1282 5157 1366 5211 varice
1381 5154 1520 5213 lectiones
1540 5173 1575 5212 ex
1599 5154 1697 5211 codice
1712 5154 1822 5211 archivi

117 5227 304 5294 Dresdensis‚
319 5233 347 5284 et
362 5245 391 5301 p.
406 5230 456 5284 221
475 5227 583 5284 codicis
597 5228 774 5284 Casinensis.
791 5228 905 5283 Poetiea
917 5230 993 5300 ejus,
1015 5233 1088 5284 teste
1113 5228 1261 5300 Sigaberto
1277 5244 1302 5282 c.
1320 5228 1379 5295 129,
1396 5233 1465 5283 sant
1479 5228 1574 5285 Passio
1591 5227 1691 5282 Tbcctoe
1705 5227 1822 5296 cirpinis

117 5303 148 5355 et
163 5297 224 5356 rna
237 5299 320 5356 Pauli
331 5299 467 5365 Eremitaa,
484 5316 547 5371 quae
564 5315 681 5372 prosam
696 5298 799 5354 habuit
809 5300 966 5355 admistam
980 5317 987 5354 ι
1004 5302 1247 5380 utrumqneopus
1258 5299 1389 5354 rrondum
1399 5299 1476 5427 tgpis
1489 5303 1533 5354 est
1546 5298 1668 5364 editum,
1680 5296 1760 5353 Adde
1772 5297 1792 5351 L
1812 5327 1823 5338 ·

116 5368 177 5427 seri
191 5368 349 5427 Historiam
366 5375 517 5444 poctarum
534 5371 622 5427 medii
637 5368 687 5426 oevi
703 5387 731 5442 p.
747 5370 810 5436 283,
826 5371 893 5438 2843
910 5370 1074 5427 Paulimum
1090 5370 1130 5426 De
1143 5387 1214 5426 sarrs
1228 5368 1391 5427 illustribus

1429 5371 1531 5428 orbeiae
1557 5367 1714 5436 Saxonieae‚
1730 5385 1758 5440 p.
1812 5409 1819 5422 .

743 5529 1198 5572 ——emocoo—
