<?xml version="1.0" encoding="UTF-8"?>
<!DOCTYPE html PUBLIC "-//W3C//DTD XHTML 1.0 Transitional//EN"
    "http://www.w3.org/TR/xhtml1/DTD/xhtml1-transitional.dtd">
<html xmlns="http://www.w3.org/1999/xhtml" xml:lang="en" lang="en">
 <head>
  <title>
</title>
<meta http-equiv="Content-Type" content="text/html;charset=utf-8" />
  <meta name='ocr-system' content='tesseract 3.04.00' />
  <meta name='ocr-capabilities' content='ocr_page ocr_carea ocr_par ocr_line ocrx_word'/>
</head>
<body>
  <div class='ocr_page' id='page_1' title='image "./patrologiaecurs49unkngoog_0317.png"; bbox 0 0 3908 6082; ppageno 0'>
   <div class='ocr_carea' id='block_1_1' title="bbox 130 265 1837 332">
    <p class='ocr_par' dir='ltr' id='par_1_1' title="bbox 130 265 1837 332">
     <span class='ocr_line' id='line_1_1' title="bbox 130 265 1837 332; baseline -0.002 0"><span class='ocrx_word' id='word_1_1' title='bbox 130 272 189 332; x_wconf 79' lang='lat' dir='ltr'>sle</span> <span class='ocrx_word' id='word_1_2' title='bbox 682 269 849 331; x_wconf 79' lang='lat' dir='ltr'>Absarus</span> <span class='ocrx_word' id='word_1_3' title='bbox 871 265 1089 329; x_wconf 79' lang='lat' dir='ltr'>DMRVMNSIS</span> <span class='ocrx_word' id='word_1_4' title='bbox 1110 265 1276 328; x_wconf 72' lang='lat' dir='ltr'>nestris</span> <span class='ocrx_word' id='word_1_5' title='bbox 1730 293 1733 297; x_wconf 46' lang='lat'><strong>¹</strong></span> <span class='ocrx_word' id='word_1_6' title='bbox 1774 267 1837 329; x_wconf 74' lang='grc'>616</span> 
     </span>
    </p>
   </div>
   <div class='ocr_carea' id='block_1_2' title="bbox 116 368 1865 4817">
    <p class='ocr_par' dir='ltr' id='par_1_2' title="bbox 116 368 1865 4817">
     <span class='ocr_line' id='line_1_2' title="bbox 127 368 1865 478; baseline -0.002 -17"><span class='ocrx_word' id='word_1_7' title='bbox 127 405 200 463; x_wconf 92' lang='lat' dir='ltr'>tiam</span> <span class='ocrx_word' id='word_1_8' title='bbox 215 400 773 478; x_wconf 87' lang='lat' dir='ltr'>impensiusinstituidecernebatlllud</span> <span class='ocrx_word' id='word_1_9' title='bbox 789 402 947 474; x_wconf 91' lang='lat' dir='ltr'>quoquoad</span> <span class='ocrx_word' id='word_1_10' title='bbox 967 402 995 471; x_wconf 76' lang='grc' dir='ltr'><strong>Α</strong></span> <span class='ocrx_word' id='word_1_11' title='bbox 1010 405 1108 457; x_wconf 91' lang='lat' dir='ltr'>renter</span> <span class='ocrx_word' id='word_1_12' title='bbox 1122 368 1326 456; x_wconf 47' lang='lat' dir='ltr'>accessitssum</span> <span class='ocrx_word' id='word_1_13' title='bbox 1343 398 1483 455; x_wconf 85' lang='lat' dir='ltr'>iratribus</span> <span class='ocrx_word' id='word_1_14' title='bbox 1498 398 1670 472; x_wconf 83' lang='lat' dir='ltr'>psalmodia</span> <span class='ocrx_word' id='word_1_15' title='bbox 1680 405 1711 456; x_wconf 88' lang='lat' dir='ltr'>et</span> <span class='ocrx_word' id='word_1_16' title='bbox 1724 399 1836 463; x_wconf 74' lang='lat' dir='ltr'>litaniis</span> <span class='ocrx_word' id='word_1_17' title='bbox 1861 404 1865 413; x_wconf 92' lang='lat'>&#39;</span> 
     </span>
     <span class='ocr_line' id='line_1_3' title="bbox 128 487 1836 563; baseline 0 -14"><span class='ocrx_word' id='word_1_18' title='bbox 128 493 204 551; x_wconf 90' lang='lat' dir='ltr'>hano</span> <span class='ocrx_word' id='word_1_19' title='bbox 219 510 280 551; x_wconf 90' lang='lat' dir='ltr'>rem</span> <span class='ocrx_word' id='word_1_20' title='bbox 296 493 454 550; x_wconf 88' lang='lat' dir='ltr'>auctoritas</span> <span class='ocrx_word' id='word_1_21' title='bbox 471 509 528 548; x_wconf 92' lang='lat' dir='ltr'>non</span> <span class='ocrx_word' id='word_1_22' title='bbox 544 490 701 547; x_wconf 90' lang='lat' dir='ltr'>minimum</span> <span class='ocrx_word' id='word_1_23' title='bbox 718 491 952 563; x_wconf 80' lang='lat' dir='ltr'>afferebat,quod</span> <span class='ocrx_word' id='word_1_24' title='bbox 1008 492 1117 545; x_wconf 87' lang='lat' dir='ltr'>attento</span> <span class='ocrx_word' id='word_1_25' title='bbox 1134 487 1350 545; x_wconf 79' lang='lat' dir='ltr'>insistentibus.</span> <span class='ocrx_word' id='word_1_26' title='bbox 1367 487 1431 560; x_wconf 91' lang='lat' dir='ltr'>lpse</span> <span class='ocrx_word' id='word_1_27' title='bbox 1447 504 1516 545; x_wconf 92' lang='lat' dir='ltr'>cum</span> <span class='ocrx_word' id='word_1_28' title='bbox 1532 488 1639 544; x_wconf 87' lang='lat' dir='ltr'>abbate</span> <span class='ocrx_word' id='word_1_29' title='bbox 1653 493 1683 545; x_wconf 89' lang='lat' dir='ltr'>et</span> <span class='ocrx_word' id='word_1_30' title='bbox 1697 488 1836 549; x_wconf 71' lang='lat' dir='ltr'>sacerde-</span> 
     </span>
     <span class='ocr_line' id='line_1_4' title="bbox 128 575 1837 656; baseline -0.003 -17"><span class='ocrx_word' id='word_1_31' title='bbox 128 583 295 656; x_wconf 89' lang='lat' dir='ltr'>quibusque</span> <span class='ocrx_word' id='word_1_32' title='bbox 309 581 346 638; x_wconf 90' lang='lat' dir='ltr'>ad</span> <span class='ocrx_word' id='word_1_33' title='bbox 362 597 479 637; x_wconf 90' lang='lat' dir='ltr'>sacram</span> <span class='ocrx_word' id='word_1_34' title='bbox 495 579 663 652; x_wconf 87' lang='lat' dir='ltr'>sepulcrum</span> <span class='ocrx_word' id='word_1_35' title='bbox 679 579 951 652; x_wconf 81' lang='lat' dir='ltr'>procumbentibus,</span> <span class='ocrx_word' id='word_1_36' title='bbox 1007 577 1087 633; x_wconf 91' lang='lat' dir='ltr'>tibus</span> <span class='ocrx_word' id='word_1_37' title='bbox 1111 582 1214 634; x_wconf 87' lang='lat' dir='ltr'>sancta</span> <span class='ocrx_word' id='word_1_38' title='bbox 1244 593 1312 634; x_wconf 87' lang='lat' dir='ltr'>ossa</span> <span class='ocrx_word' id='word_1_39' title='bbox 1335 581 1500 634; x_wconf 77' lang='lat' dir='ltr'>reverenter</span> <span class='ocrx_word' id='word_1_40' title='bbox 1522 575 1650 647; x_wconf 87' lang='lat' dir='ltr'>elevans,</span> <span class='ocrx_word' id='word_1_41' title='bbox 1678 575 1837 653; x_wconf 71' lang='lat' dir='ltr'>linteisque</span> 
     </span>
     <span class='ocr_line' id='line_1_5' title="bbox 127 664 1837 742; baseline -0.001 -14"><span class='ocrx_word' id='word_1_42' title='bbox 127 672 248 728; x_wconf 79' lang='lat' dir='ltr'>affectus</span> <span class='ocrx_word' id='word_1_43' title='bbox 263 669 404 727; x_wconf 88' lang='lat' dir='ltr'>orationis</span> <span class='ocrx_word' id='word_1_44' title='bbox 417 672 445 724; x_wconf 93' lang='lat' dir='ltr'>et</span> <span class='ocrx_word' id='word_1_45' title='bbox 460 668 579 725; x_wconf 89' lang='lat' dir='ltr'>ubertas</span> <span class='ocrx_word' id='word_1_46' title='bbox 593 668 830 740; x_wconf 86' lang='lat' dir='ltr'>compunctionis</span> <span class='ocrx_word' id='word_1_47' title='bbox 844 667 954 742; x_wconf 82' lang='lat' dir='ltr'>largior</span> <span class='ocrx_word' id='word_1_48' title='bbox 1015 665 1151 739; x_wconf 86' lang='lat' dir='ltr'>pretiosis</span> <span class='ocrx_word' id='word_1_49' title='bbox 1165 666 1325 735; x_wconf 88' lang='lat' dir='ltr'>obducens,</span> <span class='ocrx_word' id='word_1_50' title='bbox 1340 665 1371 721; x_wconf 90' lang='lat' dir='ltr'>in</span> <span class='ocrx_word' id='word_1_51' title='bbox 1398 664 1461 723; x_wconf 90' lang='lat' dir='ltr'>loeo</span> <span class='ocrx_word' id='word_1_52' title='bbox 1476 665 1675 722; x_wconf 89' lang='lat' dir='ltr'>mundissimo</span> <span class='ocrx_word' id='word_1_53' title='bbox 1690 666 1747 724; x_wconf 83' lang='lat' dir='ltr'>rite</span> <span class='ocrx_word' id='word_1_54' title='bbox 1760 674 1837 726; x_wconf 82' lang='lat' dir='ltr'>ecul-</span> 
     </span>
     <span class='ocr_line' id='line_1_6' title="bbox 126 754 1834 831; baseline 0.001 -15"><span class='ocrx_word' id='word_1_55' title='bbox 126 758 274 826; x_wconf 77' lang='lat' dir='ltr'>sfflusbea</span> <span class='ocrx_word' id='word_1_56' title='bbox 283 762 369 831; x_wconf 89' lang='lat' dir='ltr'>atque</span> <span class='ocrx_word' id='word_1_57' title='bbox 380 761 413 814; x_wconf 89' lang='lat' dir='ltr'>ut</span> <span class='ocrx_word' id='word_1_58' title='bbox 423 757 501 830; x_wconf 88' lang='lat' dir='ltr'>qued</span> <span class='ocrx_word' id='word_1_59' title='bbox 513 758 548 814; x_wconf 89' lang='lat' dir='ltr'>dc</span> <span class='ocrx_word' id='word_1_60' title='bbox 554 773 587 813; x_wconf 91' lang='lat' dir='ltr'>eo</span> <span class='ocrx_word' id='word_1_61' title='bbox 593 757 721 814; x_wconf 90' lang='lat' dir='ltr'>visiones</span> <span class='ocrx_word' id='word_1_62' title='bbox 727 755 952 814; x_wconf 80' lang='lat' dir='ltr'>evidentissime</span> <span class='ocrx_word' id='word_1_63' title='bbox 1010 755 1210 829; x_wconf 87' lang='lat' dir='ltr'>posuit,quem</span> <span class='ocrx_word' id='word_1_64' title='bbox 1226 755 1386 828; x_wconf 83' lang='lat' dir='ltr'>pontificali</span> <span class='ocrx_word' id='word_1_65' title='bbox 1402 754 1511 812; x_wconf 90' lang='lat' dir='ltr'>annulo</span> <span class='ocrx_word' id='word_1_66' title='bbox 1522 754 1834 830; x_wconf 77' lang='lat' dir='ltr'>diligentiussignans,</span> 
     </span>
     <span class='ocr_line' id='line_1_7' title="bbox 126 839 1801 921; baseline -0.001 -18"><span class='ocrx_word' id='word_1_67' title='bbox 126 839 321 921; x_wconf 79' lang='lat' dir='ltr'>suggerebant</span> <span class='ocrx_word' id='word_1_68' title='bbox 328 844 397 903; x_wconf 90' lang='lat' dir='ltr'>cleri</span> <span class='ocrx_word' id='word_1_69' title='bbox 408 852 687 903; x_wconf 88' lang='lat' dir='ltr'>consummarentur</span> <span class='ocrx_word' id='word_1_70' title='bbox 697 846 951 916; x_wconf 84' lang='lat' dir='ltr'>affectu,omnium</span> <span class='ocrx_word' id='word_1_71' title='bbox 1009 845 1101 901; x_wconf 88' lang='lat' dir='ltr'>saeris</span> <span class='ocrx_word' id='word_1_72' title='bbox 1117 845 1247 900; x_wconf 91' lang='lat' dir='ltr'>demere</span> <span class='ocrx_word' id='word_1_73' title='bbox 1262 844 1384 917; x_wconf 84' lang='lat' dir='ltr'>expletis</span> <span class='ocrx_word' id='word_1_74' title='bbox 1399 845 1435 901; x_wconf 85' lang='lat' dir='ltr'>ad</span> <span class='ocrx_word' id='word_1_75' title='bbox 1448 845 1566 918; x_wconf 92' lang='lat' dir='ltr'>propria</span> <span class='ocrx_word' id='word_1_76' title='bbox 1576 844 1718 902; x_wconf 85' lang='lat' dir='ltr'>remeavit</span> <span class='ocrx_word' id='word_1_77' title='bbox 1732 844 1801 918; x_wconf 78' lang='lat' dir='ltr'>(ll).</span> 
     </span>
     <span class='ocr_line' id='line_1_8' title="bbox 125 932 1690 1009; baseline -0.002 -18"><span class='ocrx_word' id='word_1_78' title='bbox 125 934 338 1009; x_wconf 86' lang='lat' dir='ltr'>inexplebiliter</span> <span class='ocrx_word' id='word_1_79' title='bbox 357 933 474 991; x_wconf 90' lang='lat' dir='ltr'>animus</span> <span class='ocrx_word' id='word_1_80' title='bbox 496 935 648 1004; x_wconf 81' lang='lat' dir='ltr'>metuebat,</span> <span class='ocrx_word' id='word_1_81' title='bbox 675 935 790 991; x_wconf 91' lang='lat' dir='ltr'>occulta</span> <span class='ocrx_word' id='word_1_82' title='bbox 809 935 950 991; x_wconf 90' lang='lat' dir='ltr'>nimirum</span> <span class='ocrx_word' id='word_1_83' title='bbox 1152 933 1246 989; x_wconf 77' lang='lat' dir='ltr'>Matris</span> <span class='ocrx_word' id='word_1_84' title='bbox 1254 950 1398 1005; x_wconf 79' lang='lat' dir='ltr'>percussor</span> <span class='ocrx_word' id='word_1_85' title='bbox 1417 932 1551 990; x_wconf 78' lang='lat' dir='ltr'>horrende</span> <span class='ocrx_word' id='word_1_86' title='bbox 1562 934 1690 1006; x_wconf 79' lang='lat' dir='ltr'>panitur.</span> 
     </span>
     <span class='ocr_line' id='line_1_9' title="bbox 124 1021 1833 1099; baseline 0.002 -20"><span class='ocrx_word' id='word_1_87' title='bbox 124 1024 315 1099; x_wconf 80' lang='lat' dir='ltr'>inspiratione</span> <span class='ocrx_word' id='word_1_88' title='bbox 332 1024 383 1080; x_wconf 88' lang='lat' dir='ltr'>Dei</span> <span class='ocrx_word' id='word_1_89' title='bbox 400 1024 587 1096; x_wconf 83' lang='lat' dir='ltr'>singulorum</span> <span class='ocrx_word' id='word_1_90' title='bbox 605 1030 722 1097; x_wconf 88' lang='lat' dir='ltr'>pectora</span> <span class='ocrx_word' id='word_1_91' title='bbox 736 1026 948 1092; x_wconf 75' lang='lat' dir='ltr'>inflammante,</span> <span class='ocrx_word' id='word_1_92' title='bbox 1041 1024 1086 1078; x_wconf 87' lang='lat'>31.</span> <span class='ocrx_word' id='word_1_93' title='bbox 1104 1022 1213 1077; x_wconf 82' lang='lat' dir='ltr'>Exinde</span> <span class='ocrx_word' id='word_1_94' title='bbox 1238 1021 1369 1096; x_wconf 80' lang='lat' dir='ltr'>pervigili</span> <span class='ocrx_word' id='word_1_95' title='bbox 1393 1021 1537 1078; x_wconf 84' lang='lat' dir='ltr'>instantia</span> <span class='ocrx_word' id='word_1_96' title='bbox 1559 1023 1634 1078; x_wconf 91' lang='lat' dir='ltr'>sacri</span> <span class='ocrx_word' id='word_1_97' title='bbox 1657 1024 1833 1097; x_wconf 79' lang='lat' dir='ltr'>compositio</span> 
     </span>
     <span class='ocr_line' id='line_1_10' title="bbox 126 1111 1832 1187; baseline 0.001 -17"><span class='ocrx_word' id='word_1_98' title='bbox 126 1119 213 1187; x_wconf 87' lang='lat' dir='ltr'>atque</span> <span class='ocrx_word' id='word_1_99' title='bbox 242 1114 280 1169; x_wconf 91' lang='lat' dir='ltr'>ad</span> <span class='ocrx_word' id='word_1_100' title='bbox 303 1114 374 1168; x_wconf 89' lang='lat' dir='ltr'>tanti</span> <span class='ocrx_word' id='word_1_101' title='bbox 400 1114 535 1169; x_wconf 83' lang='lat' dir='ltr'>ellectum</span> <span class='ocrx_word' id='word_1_102' title='bbox 562 1115 669 1187; x_wconf 67' lang='lat' dir='ltr'>negritii</span> <span class='ocrx_word' id='word_1_103' title='bbox 697 1115 790 1169; x_wconf 86' lang='lat' dir='ltr'>saneti</span> <span class='ocrx_word' id='word_1_104' title='bbox 812 1113 949 1171; x_wconf 90' lang='lat' dir='ltr'>desiderii</span> <span class='ocrx_word' id='word_1_105' title='bbox 1003 1116 1183 1183; x_wconf 88' lang='lat' dir='ltr'>ornatasque</span> <span class='ocrx_word' id='word_1_106' title='bbox 1198 1111 1323 1183; x_wconf 84' lang='lat' dir='ltr'>sepulcri</span> <span class='ocrx_word' id='word_1_107' title='bbox 1340 1112 1507 1167; x_wconf 87' lang='lat' dir='ltr'>accuratius</span> <span class='ocrx_word' id='word_1_108' title='bbox 1522 1111 1731 1182; x_wconf 87' lang='lat' dir='ltr'>parabatur,in</span> <span class='ocrx_word' id='word_1_109' title='bbox 1746 1113 1832 1186; x_wconf 70' lang='lat' dir='ltr'>cnjus</span> 
     </span>
     <span class='ocr_line' id='line_1_11' title="bbox 126 1199 1830 1276; baseline 0.001 -18"><span class='ocrx_word' id='word_1_110' title='bbox 126 1202 254 1259; x_wconf 85' lang='lat' dir='ltr'>stimulis</span> <span class='ocrx_word' id='word_1_111' title='bbox 271 1207 454 1276; x_wconf 85' lang='lat' dir='ltr'>perurgente.</span> <span class='ocrx_word' id='word_1_112' title='bbox 1003 1200 1142 1256; x_wconf 86' lang='lat' dir='ltr'>dilatione</span> <span class='ocrx_word' id='word_1_113' title='bbox 1159 1200 1312 1271; x_wconf 85' lang='lat' dir='ltr'>ternporis,</span> <span class='ocrx_word' id='word_1_114' title='bbox 1328 1199 1398 1272; x_wconf 91' lang='lat' dir='ltr'>quid</span> <span class='ocrx_word' id='word_1_115' title='bbox 1415 1199 1548 1255; x_wconf 85' lang='lat' dir='ltr'>miraculi</span> <span class='ocrx_word' id='word_1_116' title='bbox 1573 1217 1625 1273; x_wconf 90' lang='lat' dir='ltr'>per</span> <span class='ocrx_word' id='word_1_117' title='bbox 1648 1202 1830 1274; x_wconf 76' lang='lat' dir='ltr'>praecipuum</span> 
     </span>
     <span class='ocr_line' id='line_1_12' title="bbox 337 1287 1831 1361; baseline 0.001 -14"><span class='ocrx_word' id='word_1_118' title='bbox 337 1293 488 1347; x_wconf 82' lang='lat' dir='ltr'>Translatio</span> <span class='ocrx_word' id='word_1_119' title='bbox 503 1309 574 1348; x_wconf 80' lang='lat' dir='ltr'>reeca</span> <span class='ocrx_word' id='word_1_120' title='bbox 592 1293 741 1348; x_wconf 81' lang='lat' dir='ltr'>inducitur.</span> <span class='ocrx_word' id='word_1_121' title='bbox 1003 1290 1199 1346; x_wconf 81' lang='lat' dir='ltr'>consessorem</span> <span class='ocrx_word' id='word_1_122' title='bbox 1215 1306 1343 1360; x_wconf 86' lang='lat' dir='ltr'>superna</span> <span class='ocrx_word' id='word_1_123' title='bbox 1357 1287 1537 1361; x_wconf 79' lang='lat' dir='ltr'>dispensatio</span> <span class='ocrx_word' id='word_1_124' title='bbox 1550 1289 1672 1361; x_wconf 85' lang='lat' dir='ltr'>dignata</span> <span class='ocrx_word' id='word_1_125' title='bbox 1683 1290 1773 1347; x_wconf 82' lang='lat' dir='ltr'>luerit</span> <span class='ocrx_word' id='word_1_126' title='bbox 1786 1291 1831 1349; x_wconf 86' lang='lat' dir='ltr'>de·</span> 
     </span>
     <span class='ocr_line' id='line_1_13' title="bbox 158 1377 1830 1454; baseline 0.002 -18"><span class='ocrx_word' id='word_1_127' title='bbox 158 1380 328 1436; x_wconf 74' lang='lat' dir='ltr'>ee&#39;latibus</span> <span class='ocrx_word' id='word_1_128' title='bbox 343 1386 462 1453; x_wconf 87' lang='lat' dir='ltr'>tamque</span> <span class='ocrx_word' id='word_1_129' title='bbox 478 1381 647 1453; x_wconf 80' lang='lat' dir='ltr'>conspicuis</span> <span class='ocrx_word' id='word_1_130' title='bbox 663 1381 804 1454; x_wconf 80' lang='lat' dir='ltr'>prodigiis</span> <span class='ocrx_word' id='word_1_131' title='bbox 814 1381 947 1448; x_wconf 90' lang='lat' dir='ltr'>animati,</span> <span class='ocrx_word' id='word_1_132' title='bbox 1002 1379 1124 1446; x_wconf 81' lang='lat' dir='ltr'>clarere,</span> <span class='ocrx_word' id='word_1_133' title='bbox 1142 1377 1223 1434; x_wconf 87' lang='lat' dir='ltr'>nulle</span> <span class='ocrx_word' id='word_1_134' title='bbox 1238 1378 1351 1434; x_wconf 87' lang='lat' dir='ltr'>ratione</span> <span class='ocrx_word' id='word_1_135' title='bbox 1366 1378 1515 1433; x_wconf 86' lang='lat' dir='ltr'>credimus</span> <span class='ocrx_word' id='word_1_136' title='bbox 1536 1379 1748 1436; x_wconf 86' lang='lat' dir='ltr'>omittendum.</span> <span class='ocrx_word' id='word_1_137' title='bbox 1764 1380 1830 1439; x_wconf 76' lang='lat' dir='ltr'>ase</span> 
     </span>
     <span class='ocr_line' id='line_1_14' title="bbox 123 1467 1831 1544; baseline -0.001 -17"><span class='ocrx_word' id='word_1_138' title='bbox 123 1470 318 1527; x_wconf 89' lang='lat' dir='ltr'>venerabilem</span> <span class='ocrx_word' id='word_1_139' title='bbox 333 1470 464 1526; x_wconf 85' lang='lat' dir='ltr'>Otullum</span> <span class='ocrx_word' id='word_1_140' title='bbox 479 1470 648 1543; x_wconf 81' lang='lat' dir='ltr'>pontificem</span> <span class='ocrx_word' id='word_1_141' title='bbox 660 1470 948 1542; x_wconf 86' lang='lat' dir='ltr'>adeuntes,tantiquo</span> <span class='ocrx_word' id='word_1_142' title='bbox 1002 1469 1103 1524; x_wconf 88' lang='lat' dir='ltr'>bertus</span> <span class='ocrx_word' id='word_1_143' title='bbox 1119 1467 1240 1540; x_wconf 88' lang='lat' dir='ltr'>quidam</span> <span class='ocrx_word' id='word_1_144' title='bbox 1257 1468 1384 1535; x_wconf 89' lang='lat' dir='ltr'>nomine,</span> <span class='ocrx_word' id='word_1_145' title='bbox 1394 1467 1461 1540; x_wconf 85' lang='lat' dir='ltr'>pagi</span> <span class='ocrx_word' id='word_1_146' title='bbox 1479 1468 1662 1524; x_wconf 78' lang='lat' dir='ltr'>bodanensis</span> <span class='ocrx_word' id='word_1_147' title='bbox 1680 1467 1831 1544; x_wconf 73' lang='lat' dir='ltr'>indigena,</span> 
     </span>
     <span class='ocr_line' id='line_1_15' title="bbox 124 1554 1832 1633; baseline 0.002 -17"><span class='ocrx_word' id='word_1_148' title='bbox 124 1559 218 1616; x_wconf 91' lang='lat' dir='ltr'>Patris</span> <span class='ocrx_word' id='word_1_149' title='bbox 232 1576 290 1632; x_wconf 77' lang='lat' dir='ltr'>pre</span> <span class='ocrx_word' id='word_1_150' title='bbox 307 1559 445 1616; x_wconf 91' lang='lat' dir='ltr'>manibus</span> <span class='ocrx_word' id='word_1_151' title='bbox 459 1565 544 1633; x_wconf 79' lang='lat' dir='ltr'>gesta</span> <span class='ocrx_word' id='word_1_152' title='bbox 559 1560 695 1628; x_wconf 84' lang='lat' dir='ltr'>serentes,</span> <span class='ocrx_word' id='word_1_153' title='bbox 712 1564 745 1616; x_wconf 91' lang='lat' dir='ltr'>ut</span> <span class='ocrx_word' id='word_1_154' title='bbox 767 1558 830 1632; x_wconf 88' lang='lat' dir='ltr'>ipse</span> <span class='ocrx_word' id='word_1_155' title='bbox 844 1555 948 1615; x_wconf 80' lang='lat' dir='ltr'>aivins</span> <span class='ocrx_word' id='word_1_156' title='bbox 1003 1557 1142 1613; x_wconf 87' lang='lat' dir='ltr'>adversus</span> <span class='ocrx_word' id='word_1_157' title='bbox 1158 1567 1282 1612; x_wconf 87' lang='lat' dir='ltr'>matrem</span> <span class='ocrx_word' id='word_1_158' title='bbox 1296 1573 1381 1613; x_wconf 91' lang='lat' dir='ltr'>suam</span> <span class='ocrx_word' id='word_1_159' title='bbox 1392 1572 1444 1628; x_wconf 93' lang='lat' dir='ltr'>pro</span> <span class='ocrx_word' id='word_1_160' title='bbox 1452 1554 1616 1612; x_wconf 88' lang='lat' dir='ltr'>dividendis</span> <span class='ocrx_word' id='word_1_161' title='bbox 1626 1556 1832 1619; x_wconf 70' lang='lat' dir='ltr'>esseminan-</span> 
     </span>
     <span class='ocr_line' id='line_1_16' title="bbox 122 1644 1831 1722; baseline 0.001 -18"><span class='ocrx_word' id='word_1_162' title='bbox 122 1647 281 1706; x_wconf 86' lang='lat' dir='ltr'>voluntatis</span> <span class='ocrx_word' id='word_1_163' title='bbox 296 1652 509 1721; x_wconf 76' lang='lat' dir='ltr'>ergasanetum</span> <span class='ocrx_word' id='word_1_164' title='bbox 520 1653 550 1705; x_wconf 91' lang='lat' dir='ltr'>et</span> <span class='ocrx_word' id='word_1_165' title='bbox 565 1653 771 1722; x_wconf 87' lang='lat' dir='ltr'>cooperatoret</span> <span class='ocrx_word' id='word_1_166' title='bbox 785 1652 950 1705; x_wconf 84' lang='lat' dir='ltr'>maturator</span> <span class='ocrx_word' id='word_1_167' title='bbox 1002 1645 1041 1701; x_wconf 91' lang='lat' dir='ltr'>tie</span> <span class='ocrx_word' id='word_1_168' title='bbox 1053 1645 1083 1701; x_wconf 91' lang='lat' dir='ltr'>in</span> <span class='ocrx_word' id='word_1_169' title='bbox 1099 1648 1196 1719; x_wconf 79' lang='lat' dir='ltr'>segete</span> <span class='ocrx_word' id='word_1_170' title='bbox 1206 1644 1530 1718; x_wconf 82' lang='lat' dir='ltr'>jurgabatur.Cumque</span> <span class='ocrx_word' id='word_1_171' title='bbox 1540 1660 1600 1702; x_wconf 80' lang='lat' dir='ltr'>sue</span> <span class='ocrx_word' id='word_1_172' title='bbox 1615 1645 1693 1718; x_wconf 82' lang='lat' dir='ltr'>parti</span> <span class='ocrx_word' id='word_1_173' title='bbox 1703 1647 1831 1721; x_wconf 71' lang='lat' dir='ltr'>malam</span> 
     </span>
     <span class='ocr_line' id='line_1_17' title="bbox 121 1732 1829 1845; baseline 0 -52"><span class='ocrx_word' id='word_1_174' title='bbox 121 1735 272 1806; x_wconf 81' lang='lat' dir='ltr'>existeret,</span> <span class='ocrx_word' id='word_1_175' title='bbox 288 1736 504 1794; x_wconf 88' lang='lat' dir='ltr'>instantissime</span> <span class='ocrx_word' id='word_1_176' title='bbox 519 1738 733 1812; x_wconf 89' lang='lat' dir='ltr'>supplicabant.</span> <span class='ocrx_word' id='word_1_177' title='bbox 744 1737 837 1811; x_wconf 91' lang='lat' dir='ltr'>thue</span> <span class='ocrx_word' id='word_1_178' title='bbox 853 1752 987 1845; x_wconf 84' lang='lat' dir='ltr'>carne-B</span> <span class='ocrx_word' id='word_1_179' title='bbox 1003 1750 1158 1791; x_wconf 87' lang='lat' dir='ltr'>secernens</span> <span class='ocrx_word' id='word_1_180' title='bbox 1171 1732 1349 1806; x_wconf 90' lang='lat' dir='ltr'>manipulos,</span> <span class='ocrx_word' id='word_1_181' title='bbox 1367 1733 1495 1791; x_wconf 91' lang='lat' dir='ltr'>minores</span> <span class='ocrx_word' id='word_1_182' title='bbox 1511 1750 1628 1807; x_wconf 91' lang='lat' dir='ltr'>quoque</span> <span class='ocrx_word' id='word_1_183' title='bbox 1642 1735 1733 1793; x_wconf 86' lang='lat' dir='ltr'>matri</span> <span class='ocrx_word' id='word_1_184' title='bbox 1743 1735 1829 1793; x_wconf 79' lang='lat' dir='ltr'>mliu-</span> 
     </span>
     <span class='ocr_line' id='line_1_18' title="bbox 124 1819 1829 1898; baseline 0.002 -18"><span class='ocrx_word' id='word_1_185' title='bbox 124 1842 170 1882; x_wconf 90' lang='lat' dir='ltr'>rcs</span> <span class='ocrx_word' id='word_1_186' title='bbox 185 1819 949 1898; x_wconf 83' lang='lat' dir='ltr'>divinitatemvotiefamulorumfideliumusquequa·</span> <span class='ocrx_word' id='word_1_187' title='bbox 1003 1827 1114 1895; x_wconf 85' lang='lat' dir='ltr'>queret,</span> <span class='ocrx_word' id='word_1_188' title='bbox 1130 1823 1181 1880; x_wconf 88' lang='lat' dir='ltr'>illa</span> <span class='ocrx_word' id='word_1_189' title='bbox 1194 1821 1307 1879; x_wconf 76' lang='lat' dir='ltr'>fraudis</span> <span class='ocrx_word' id='word_1_190' title='bbox 1327 1822 1494 1895; x_wconf 81' lang='lat' dir='ltr'>impatiens,</span> <span class='ocrx_word' id='word_1_191' title='bbox 1510 1822 1605 1880; x_wconf 84' lang='lat' dir='ltr'>filium</span> <span class='ocrx_word' id='word_1_192' title='bbox 1629 1839 1667 1881; x_wconf 90' lang='lat' dir='ltr'>ue</span> <span class='ocrx_word' id='word_1_193' title='bbox 1690 1822 1763 1883; x_wconf 82' lang='lat' dir='ltr'>talia</span> <span class='ocrx_word' id='word_1_194' title='bbox 1784 1823 1829 1883; x_wconf 80' lang='lat' dir='ltr'>ia·</span> 
     </span>
     <span class='ocr_line' id='line_1_19' title="bbox 124 1910 1825 1987; baseline 0.001 -18"><span class='ocrx_word' id='word_1_195' title='bbox 124 1930 181 1985; x_wconf 87' lang='lat' dir='ltr'>que</span> <span class='ocrx_word' id='word_1_196' title='bbox 195 1914 349 1982; x_wconf 83' lang='lat' dir='ltr'>laventem,</span> <span class='ocrx_word' id='word_1_197' title='bbox 360 1914 514 1971; x_wconf 80' lang='lat' dir='ltr'>confestim</span> <span class='ocrx_word' id='word_1_198' title='bbox 531 1915 685 1987; x_wconf 89' lang='lat' dir='ltr'>episcopus</span> <span class='ocrx_word' id='word_1_199' title='bbox 702 1915 811 1971; x_wconf 77' lang='lat' dir='ltr'>intimes</span> <span class='ocrx_word' id='word_1_200' title='bbox 826 1914 949 1986; x_wconf 89' lang='lat' dir='ltr'>inspira·</span> <span class='ocrx_word' id='word_1_201' title='bbox 1002 1910 1104 1967; x_wconf 87' lang='lat' dir='ltr'>cicade</span> <span class='ocrx_word' id='word_1_202' title='bbox 1119 1913 1212 1969; x_wconf 88' lang='lat' dir='ltr'>Deum</span> <span class='ocrx_word' id='word_1_203' title='bbox 1227 1911 1257 1968; x_wconf 91' lang='lat' dir='ltr'>in</span> <span class='ocrx_word' id='word_1_204' title='bbox 1273 1929 1305 1968; x_wconf 90' lang='lat' dir='ltr'>se</span> <span class='ocrx_word' id='word_1_205' title='bbox 1320 1910 1600 1984; x_wconf 86' lang='lat' dir='ltr'>provocaretsedulo</span> <span class='ocrx_word' id='word_1_206' title='bbox 1611 1914 1825 1971; x_wconf 81' lang='lat' dir='ltr'>commonebat.</span> 
     </span>
     <span class='ocr_line' id='line_1_20' title="bbox 123 1994 1826 2076; baseline 0.002 -19"><span class='ocrx_word' id='word_1_207' title='bbox 123 2001 212 2059; x_wconf 91' lang='lat' dir='ltr'>tionis</span> <span class='ocrx_word' id='word_1_208' title='bbox 226 2003 344 2074; x_wconf 86' lang='lat' dir='ltr'>ignibus</span> <span class='ocrx_word' id='word_1_209' title='bbox 357 1994 514 2071; x_wconf 83' lang='lat' dir='ltr'>animatus,</span> <span class='ocrx_word' id='word_1_210' title='bbox 525 2020 558 2059; x_wconf 92' lang='lat' dir='ltr'>eo</span> <span class='ocrx_word' id='word_1_211' title='bbox 575 2005 677 2059; x_wconf 89' lang='lat' dir='ltr'>ardore</span> <span class='ocrx_word' id='word_1_212' title='bbox 693 2004 842 2076; x_wconf 82' lang='lat' dir='ltr'>negotium</span> <span class='ocrx_word' id='word_1_213' title='bbox 853 2004 947 2060; x_wconf 90' lang='lat' dir='ltr'>susci·</span> <span class='ocrx_word' id='word_1_214' title='bbox 1002 2001 1078 2057; x_wconf 81' lang='lat' dir='ltr'>&#39;Pam</span> <span class='ocrx_word' id='word_1_215' title='bbox 1095 2000 1184 2058; x_wconf 91' lang='lat' dir='ltr'>miser</span> <span class='ocrx_word' id='word_1_216' title='bbox 1200 2000 1296 2057; x_wconf 80' lang='lat' dir='ltr'>furiali</span> <span class='ocrx_word' id='word_1_217' title='bbox 1309 2006 1425 2074; x_wconf 88' lang='lat' dir='ltr'>pectore</span> <span class='ocrx_word' id='word_1_218' title='bbox 1438 2001 1783 2070; x_wconf 74' lang='lat' dir='ltr'>inflammatus,eilertur</span> <span class='ocrx_word' id='word_1_219' title='bbox 1797 2002 1826 2060; x_wconf 88' lang='lat' dir='ltr'>ia</span> 
     </span>
     <span class='ocr_line' id='line_1_21' title="bbox 123 2088 1826 2164; baseline 0.004 -20"><span class='ocrx_word' id='word_1_220' title='bbox 123 2089 176 2163; x_wconf 91' lang='lat' dir='ltr'>pit,</span> <span class='ocrx_word' id='word_1_221' title='bbox 184 2095 217 2145; x_wconf 92' lang='lat' dir='ltr'>ut</span> <span class='ocrx_word' id='word_1_222' title='bbox 230 2090 365 2146; x_wconf 84' lang='lat' dir='ltr'>abbatem</span> <span class='ocrx_word' id='word_1_223' title='bbox 381 2095 409 2146; x_wconf 90' lang='lat' dir='ltr'>et</span> <span class='ocrx_word' id='word_1_224' title='bbox 425 2091 530 2147; x_wconf 82' lang='lat' dir='ltr'>iratres</span> <span class='ocrx_word' id='word_1_225' title='bbox 546 2092 686 2163; x_wconf 90' lang='lat' dir='ltr'>aquibus</span> <span class='ocrx_word' id='word_1_226' title='bbox 703 2091 948 2164; x_wconf 86' lang='lat' dir='ltr'>luerateuppliea·</span> <span class='ocrx_word' id='word_1_227' title='bbox 1002 2094 1136 2157; x_wconf 90' lang='lat' dir='ltr'>matrem,</span> <span class='ocrx_word' id='word_1_228' title='bbox 1148 2088 1338 2160; x_wconf 89' lang='lat' dir='ltr'>crinibusque</span> <span class='ocrx_word' id='word_1_229' title='bbox 1353 2090 1418 2160; x_wconf 89' lang='lat' dir='ltr'>ejus</span> <span class='ocrx_word' id='word_1_230' title='bbox 1434 2089 1554 2146; x_wconf 90' lang='lat' dir='ltr'>sinistro</span> <span class='ocrx_word' id='word_1_231' title='bbox 1570 2089 1826 2149; x_wconf 85' lang='lat' dir='ltr'>brachiocireum·</span> 
     </span>
     <span class='ocr_line' id='line_1_22' title="bbox 125 2175 1825 2253; baseline 0.002 -20"><span class='ocrx_word' id='word_1_232' title='bbox 125 2178 253 2252; x_wconf 91' lang='lat' dir='ltr'>tus,ipse</span> <span class='ocrx_word' id='word_1_233' title='bbox 269 2180 457 2252; x_wconf 90' lang='lat' dir='ltr'>postmodum</span> <span class='ocrx_word' id='word_1_234' title='bbox 473 2181 509 2235; x_wconf 92' lang='lat' dir='ltr'>ad</span> <span class='ocrx_word' id='word_1_235' title='bbox 524 2181 744 2238; x_wconf 81' lang='lat' dir='ltr'>accelerandam</span> <span class='ocrx_word' id='word_1_236' title='bbox 755 2181 839 2253; x_wconf 86' lang='lat' dir='ltr'>coepti</span> <span class='ocrx_word' id='word_1_237' title='bbox 851 2181 947 2252; x_wconf 89' lang='lat' dir='ltr'>operis</span> <span class='ocrx_word' id='word_1_238' title='bbox 1002 2175 1102 2248; x_wconf 83' lang='lat' dir='ltr'>plexis,</span> <span class='ocrx_word' id='word_1_239' title='bbox 1120 2182 1186 2233; x_wconf 87' lang='lat' dir='ltr'>ante</span> <span class='ocrx_word' id='word_1_240' title='bbox 1202 2178 1291 2249; x_wconf 90' lang='lat' dir='ltr'>pedes</span> <span class='ocrx_word' id='word_1_241' title='bbox 1307 2195 1377 2233; x_wconf 85' lang='lat' dir='ltr'>suos</span> <span class='ocrx_word' id='word_1_242' title='bbox 1388 2177 1526 2235; x_wconf 85' lang='lat' dir='ltr'>miseram</span> <span class='ocrx_word' id='word_1_243' title='bbox 1540 2177 1730 2252; x_wconf 85' lang='lat' dir='ltr'>impudenter</span> <span class='ocrx_word' id='word_1_244' title='bbox 1739 2178 1825 2238; x_wconf 83' lang='lat' dir='ltr'>elisit</span> 
     </span>
     <span class='ocr_line' id='line_1_23' title="bbox 123 2266 1825 2342; baseline 0.004 -21"><span class='ocrx_word' id='word_1_245' title='bbox 123 2266 628 2340; x_wconf 76' lang='lat' dir='ltr'>efficaciammonitisfrequentibus</span> <span class='ocrx_word' id='word_1_246' title='bbox 642 2269 948 2342; x_wconf 70' lang='lat' dir='ltr'>perurgeretindeles-</span> <span class='ocrx_word' id='word_1_247' title='bbox 1001 2267 1092 2332; x_wconf 81' lang='lat' dir='ltr'>Quem</span> <span class='ocrx_word' id='word_1_248' title='bbox 1107 2283 1174 2323; x_wconf 87' lang='lat' dir='ltr'>mox</span> <span class='ocrx_word' id='word_1_249' title='bbox 1189 2267 1287 2322; x_wconf 90' lang='lat' dir='ltr'>divina</span> <span class='ocrx_word' id='word_1_250' title='bbox 1314 2266 1390 2322; x_wconf 94' lang='lat' dir='ltr'>ultio</span> <span class='ocrx_word' id='word_1_251' title='bbox 1414 2284 1511 2324; x_wconf 88' lang='lat' dir='ltr'>eomes</span> <span class='ocrx_word' id='word_1_252' title='bbox 1536 2268 1670 2340; x_wconf 74' lang='lat' dir='ltr'>excepit3</span> <span class='ocrx_word' id='word_1_253' title='bbox 1687 2285 1759 2327; x_wconf 90' lang='lat' dir='ltr'>uam</span> <span class='ocrx_word' id='word_1_254' title='bbox 1779 2285 1825 2327; x_wconf 77' lang='lat' dir='ltr'>aa·</span> 
     </span>
     <span class='ocr_line' id='line_1_24' title="bbox 122 2355 1825 2431; baseline 0.005 -23"><span class='ocrx_word' id='word_1_255' title='bbox 122 2355 164 2411; x_wconf 88' lang='lat' dir='ltr'>sis</span> <span class='ocrx_word' id='word_1_256' title='bbox 173 2356 310 2427; x_wconf 88' lang='lat' dir='ltr'>precibus</span> <span class='ocrx_word' id='word_1_257' title='bbox 325 2356 542 2428; x_wconf 89' lang='lat' dir='ltr'>persistendum</span> <span class='ocrx_word' id='word_1_258' title='bbox 558 2357 760 2427; x_wconf 79' lang='lat' dir='ltr'>anlrortans,ut</span> <span class='ocrx_word' id='word_1_259' title='bbox 775 2358 873 2415; x_wconf 90' lang='lat' dir='ltr'>divina</span> <span class='ocrx_word' id='word_1_260' title='bbox 885 2358 945 2431; x_wconf 92' lang='lat' dir='ltr'>pio·</span> <span class='ocrx_word' id='word_1_261' title='bbox 1000 2355 1100 2426; x_wconf 89' lang='lat' dir='ltr'>quenti</span> <span class='ocrx_word' id='word_1_262' title='bbox 1116 2359 1201 2412; x_wconf 90' lang='lat' dir='ltr'>nocte</span> <span class='ocrx_word' id='word_1_263' title='bbox 1217 2356 1329 2412; x_wconf 91' lang='lat' dir='ltr'>sinistri</span> <span class='ocrx_word' id='word_1_264' title='bbox 1344 2356 1418 2413; x_wconf 91' lang='lat' dir='ltr'>eculi</span> <span class='ocrx_word' id='word_1_265' title='bbox 1437 2355 1564 2414; x_wconf 85' lang='lat' dir='ltr'>eaecitate</span> <span class='ocrx_word' id='word_1_266' title='bbox 1578 2356 1737 2425; x_wconf 86' lang='lat' dir='ltr'>multatus,</span> <span class='ocrx_word' id='word_1_267' title='bbox 1749 2357 1825 2431; x_wconf 73' lang='lat' dir='ltr'>ejus·</span> 
     </span>
     <span class='ocr_line' id='line_1_25' title="bbox 121 2444 1826 2518; baseline 0.004 -20"><span class='ocrx_word' id='word_1_268' title='bbox 121 2449 167 2502; x_wconf 89' lang='lat' dir='ltr'>tas</span> <span class='ocrx_word' id='word_1_269' title='bbox 183 2461 257 2518; x_wconf 90' lang='lat' dir='ltr'>quos</span> <span class='ocrx_word' id='word_1_270' title='bbox 272 2462 331 2501; x_wconf 83' lang='lat' dir='ltr'>sua</span> <span class='ocrx_word' id='word_1_271' title='bbox 354 2445 513 2503; x_wconf 89' lang='lat' dir='ltr'>voluntatis</span> <span class='ocrx_word' id='word_1_272' title='bbox 538 2447 670 2504; x_wconf 89' lang='lat' dir='ltr'>conscios</span> <span class='ocrx_word' id='word_1_273' title='bbox 691 2448 795 2516; x_wconf 86' lang='lat' dir='ltr'>luerat,</span> <span class='ocrx_word' id='word_1_274' title='bbox 811 2451 945 2504; x_wconf 89' lang='lat' dir='ltr'>vatorum</span> <span class='ocrx_word' id='word_1_275' title='bbox 999 2445 1066 2500; x_wconf 92' lang='lat' dir='ltr'>dem</span> <span class='ocrx_word' id='word_1_276' title='bbox 1093 2461 1211 2518; x_wconf 92' lang='lat' dir='ltr'>quoquo</span> <span class='ocrx_word' id='word_1_277' title='bbox 1237 2444 1350 2501; x_wconf 89' lang='lat' dir='ltr'>brachii</span> <span class='ocrx_word' id='word_1_278' title='bbox 1372 2444 1423 2501; x_wconf 86' lang='lat' dir='ltr'>tali</span> <span class='ocrx_word' id='word_1_279' title='bbox 1447 2445 1574 2502; x_wconf 80' lang='lat' dir='ltr'>efficitur</span> <span class='ocrx_word' id='word_1_280' title='bbox 1588 2445 1781 2517; x_wconf 84' lang='lat' dir='ltr'>detrimento,</span> <span class='ocrx_word' id='word_1_281' title='bbox 1794 2451 1826 2505; x_wconf 82' lang='lat' dir='ltr'>ut</span> 
     </span>
     <span class='ocr_line' id='line_1_26' title="bbox 123 2531 1823 2608; baseline 0.003 -20"><span class='ocrx_word' id='word_1_282' title='bbox 123 2549 241 2606; x_wconf 90' lang='lat' dir='ltr'>quoque</span> <span class='ocrx_word' id='word_1_283' title='bbox 257 2533 374 2590; x_wconf 90' lang='lat' dir='ltr'>utilium</span> <span class='ocrx_word' id='word_1_284' title='bbox 389 2539 537 2605; x_wconf 89' lang='lat' dir='ltr'>compotes</span> <span class='ocrx_word' id='word_1_285' title='bbox 550 2552 614 2591; x_wconf 87' lang='lat' dir='ltr'>esse</span> <span class='ocrx_word' id='word_1_286' title='bbox 631 2536 760 2593; x_wconf 85' lang='lat' dir='ltr'>donaret.</span> <span class='ocrx_word' id='word_1_287' title='bbox 1000 2537 1075 2589; x_wconf 89' lang='lat' dir='ltr'>retro</span> <span class='ocrx_word' id='word_1_288' title='bbox 1090 2538 1118 2590; x_wconf 89' lang='lat' dir='ltr'>et</span> <span class='ocrx_word' id='word_1_289' title='bbox 1132 2537 1200 2590; x_wconf 91' lang='lat' dir='ltr'>ante</span> <span class='ocrx_word' id='word_1_290' title='bbox 1215 2550 1331 2607; x_wconf 89' lang='lat' dir='ltr'>semper</span> <span class='ocrx_word' id='word_1_291' title='bbox 1346 2531 1418 2590; x_wconf 91' lang='lat' dir='ltr'>illud</span> <span class='ocrx_word' id='word_1_292' title='bbox 1441 2538 1524 2590; x_wconf 91' lang='lat' dir='ltr'>mota</span> <span class='ocrx_word' id='word_1_293' title='bbox 1547 2534 1664 2608; x_wconf 81' lang='lat' dir='ltr'>agitans</span> <span class='ocrx_word' id='word_1_294' title='bbox 1678 2533 1823 2608; x_wconf 85' lang='lat' dir='ltr'>inquieto,</span> 
     </span>
     <span class='ocr_line' id='line_1_27' title="bbox 123 2621 1824 2699; baseline 0.003 -21"><span class='ocrx_word' id='word_1_295' title='bbox 123 2623 235 2679; x_wconf 82' lang='lat' dir='ltr'>Tameia</span> <span class='ocrx_word' id='word_1_296' title='bbox 249 2631 367 2681; x_wconf 79' lang='lat' dir='ltr'>reserato</span> <span class='ocrx_word' id='word_1_297' title='bbox 379 2640 467 2695; x_wconf 76' lang='lat' dir='ltr'>prono</span> <span class='ocrx_word' id='word_1_298' title='bbox 480 2626 545 2680; x_wconf 84' lang='lat' dir='ltr'>uari</span> <span class='ocrx_word' id='word_1_299' title='bbox 558 2627 588 2680; x_wconf 85' lang='lat' dir='ltr'>in</span> <span class='ocrx_word' id='word_1_300' title='bbox 604 2641 662 2682; x_wconf 82' lang='lat' dir='ltr'>osee</span> <span class='ocrx_word' id='word_1_301' title='bbox 675 2633 815 2697; x_wconf 84' lang='lat' dir='ltr'>appareat.</span> <span class='ocrx_word' id='word_1_302' title='bbox 843 2625 944 2699; x_wconf 74' lang='lat' dir='ltr'>Carpat</span> <span class='ocrx_word' id='word_1_303' title='bbox 998 2621 1207 2678; x_wconf 90' lang='lat' dir='ltr'>conscientiam</span> <span class='ocrx_word' id='word_1_304' title='bbox 1230 2621 1360 2691; x_wconf 85' lang='lat' dir='ltr'>scalaris,</span> <span class='ocrx_word' id='word_1_305' title='bbox 1380 2622 1532 2679; x_wconf 82' lang='lat' dir='ltr'>exterioris</span> <span class='ocrx_word' id='word_1_306' title='bbox 1556 2639 1676 2695; x_wconf 89' lang='lat' dir='ltr'>qaoque</span> <span class='ocrx_word' id='word_1_307' title='bbox 1698 2624 1824 2683; x_wconf 83' lang='lat' dir='ltr'>membri</span> 
     </span>
     <span class='ocr_line' id='line_1_28' title="bbox 289 2698 1836 2786; baseline 0.005 -21"><span class='ocrx_word' id='word_1_308' title='bbox 289 2750 292 2755; x_wconf 84' lang='lat'><em>-</em></span> <span class='ocrx_word' id='word_1_309' title='bbox 351 2711 460 2751; x_wconf 62' lang='lat' dir='ltr'><strong><em>mrum</em></strong></span> <span class='ocrx_word' id='word_1_310' title='bbox 480 2712 495 2751; x_wconf 79' lang='grc' dir='ltr'><strong><em>θ</em></strong></span> <span class='ocrx_word' id='word_1_311' title='bbox 511 2704 584 2752; x_wconf 60' lang='lat' dir='ltr'>¹⁶17ss</span> <span class='ocrx_word' id='word_1_312' title='bbox 600 2698 713 2753; x_wconf 76' lang='lat' dir='ltr'>hoctar.</span> <span class='ocrx_word' id='word_1_313' title='bbox 998 2710 1181 2783; x_wconf 90' lang='lat' dir='ltr'>impatientia</span> <span class='ocrx_word' id='word_1_314' title='bbox 1194 2713 1362 2767; x_wconf 87' lang='lat' dir='ltr'>testaretur.</span> <span class='ocrx_word' id='word_1_315' title='bbox 1378 2711 1454 2778; x_wconf 84' lang='lat' dir='ltr'>Quin</span> <span class='ocrx_word' id='word_1_316' title='bbox 1470 2710 1558 2767; x_wconf 88' lang='lat' dir='ltr'>etiam</span> <span class='ocrx_word' id='word_1_317' title='bbox 1582 2712 1613 2767; x_wconf 92' lang='lat' dir='ltr'>iu</span> <span class='ocrx_word' id='word_1_318' title='bbox 1626 2716 1836 2786; x_wconf 75' lang='lat' dir='ltr'>augmentum.</span> 
     </span>
     <span class='ocr_line' id='line_1_29' title="bbox 155 2783 1825 2874; baseline 0.013 -36"><span class='ocrx_word' id='word_1_319' title='bbox 155 2783 201 2838; x_wconf 85' lang='lat'>30.</span> <span class='ocrx_word' id='word_1_320' title='bbox 219 2783 319 2856; x_wconf 87' lang='lat' dir='ltr'>ltaque</span> <span class='ocrx_word' id='word_1_321' title='bbox 335 2784 371 2839; x_wconf 89' lang='lat' dir='ltr'>ad</span> <span class='ocrx_word' id='word_1_322' title='bbox 386 2784 458 2839; x_wconf 88' lang='lat' dir='ltr'>tanti</span> <span class='ocrx_word' id='word_1_323' title='bbox 475 2783 692 2842; x_wconf 89' lang='lat' dir='ltr'>inchoationem</span> <span class='ocrx_word' id='word_1_324' title='bbox 708 2787 804 2859; x_wconf 89' lang='lat' dir='ltr'>operis</span> <span class='ocrx_word' id='word_1_325' title='bbox 817 2789 943 2860; x_wconf 87' lang='lat' dir='ltr'>primam</span> <span class='ocrx_word' id='word_1_326' title='bbox 997 2797 1131 2855; x_wconf 79' lang='lat' dir='ltr'>vindicte</span> <span class='ocrx_word' id='word_1_327' title='bbox 1146 2814 1236 2855; x_wconf 88' lang='lat' dir='ltr'>sensu</span> <span class='ocrx_word' id='word_1_328' title='bbox 1252 2798 1542 2868; x_wconf 89' lang='lat' dir='ltr'>subducto,amcntie</span> <span class='ocrx_word' id='word_1_329' title='bbox 1551 2799 1691 2874; x_wconf 90' lang='lat' dir='ltr'>plectitur</span> <span class='ocrx_word' id='word_1_330' title='bbox 1704 2800 1825 2861; x_wconf 73' lang='lat' dir='ltr'>infelici.</span> 
     </span>
     <span class='ocr_line' id='line_1_30' title="bbox 119 2871 1827 2959; baseline 0.003 -32"><span class='ocrx_word' id='word_1_331' title='bbox 119 2871 196 2928; x_wconf 74' lang='lat' dir='ltr'>(ilem</span> <span class='ocrx_word' id='word_1_332' title='bbox 211 2872 476 2946; x_wconf 82' lang='lat' dir='ltr'>Ouadregesimalis</span> <span class='ocrx_word' id='word_1_333' title='bbox 490 2874 674 2930; x_wconf 73' lang='lat' dir='ltr'>abstinentiae</span> <span class='ocrx_word' id='word_1_334' title='bbox 690 2875 745 2949; x_wconf 79' lang='lat'>(10)</span> <span class='ocrx_word' id='word_1_335' title='bbox 761 2875 941 2950; x_wconf 69' lang='lat' dir='ltr'>delegeruni,</span> <span class='ocrx_word' id='word_1_336' title='bbox 997 2889 1034 2943; x_wconf 69' lang='lat' dir='ltr'>At</span> <span class='ocrx_word' id='word_1_337' title='bbox 1050 2891 1143 2944; x_wconf 71' lang='lat' dir='ltr'>maier</span> <span class='ocrx_word' id='word_1_338' title='bbox 1158 2887 1329 2959; x_wconf 76' lang='lat' dir='ltr'>hujusmodi</span> <span class='ocrx_word' id='word_1_339' title='bbox 1345 2887 1503 2945; x_wconf 72' lang='lat' dir='ltr'>dsselbliaie</span> <span class='ocrx_word' id='word_1_340' title='bbox 1517 2888 1660 2959; x_wconf 64' lang='lat' dir='ltr'>confecta,</span> <span class='ocrx_word' id='word_1_341' title='bbox 1677 2885 1827 2950; x_wconf 46' lang='lat' dir='ltr'>&amp;141th</span> 
     </span>
     <span class='ocr_line' id='line_1_31' title="bbox 119 2960 1827 3039; baseline 0.003 -5"><span class='ocrx_word' id='word_1_342' title='bbox 119 2960 150 3014; x_wconf 63' lang='grc' dir='ltr'>ῑῐῑ</span> <span class='ocrx_word' id='word_1_343' title='bbox 165 2977 224 3032; x_wconf 65' lang='lat' dir='ltr'>‘lua</span> <span class='ocrx_word' id='word_1_344' title='bbox 238 2961 395 3017; x_wconf 51' lang='lat' dir='ltr'>inffabilis</span> <span class='ocrx_word' id='word_1_345' title='bbox 410 2962 513 3018; x_wconf 58' lang='lat' dir='ltr'>divin&amp;</span> <span class='ocrx_word' id='word_1_346' title='bbox 530 2963 662 3036; x_wconf 58' lang='lat' dir='ltr'>‘fitistiim</span> <span class='ocrx_word' id='word_1_347' title='bbox 677 2964 868 3036; x_wconf 63' lang='lat' dir='ltr'>Pississilflshoe</span> <span class='ocrx_word' id='word_1_348' title='bbox 883 2967 943 3038; x_wconf 67' lang='lat' dir='ltr'>pti·</span> <span class='ocrx_word' id='word_1_349' title='bbox 998 2974 1160 3032; x_wconf 86' lang='lat' dir='ltr'>miserabili</span> <span class='ocrx_word' id='word_1_350' title='bbox 1179 2981 1274 3034; x_wconf 87' lang='lat' dir='ltr'>morte</span> <span class='ocrx_word' id='word_1_351' title='bbox 1291 2976 1393 3032; x_wconf 84' lang='lat' dir='ltr'>finivit.</span> <span class='ocrx_word' id='word_1_352' title='bbox 1401 2976 1455 3032; x_wconf 91' lang='lat' dir='ltr'>Pro</span> <span class='ocrx_word' id='word_1_353' title='bbox 1469 2977 1524 3033; x_wconf 91' lang='lat' dir='ltr'>hec</span> <span class='ocrx_word' id='word_1_354' title='bbox 1537 2977 1753 3036; x_wconf 83' lang='lat' dir='ltr'>nefandissimo</span> <span class='ocrx_word' id='word_1_355' title='bbox 1766 2996 1827 3039; x_wconf 71' lang='lat' dir='ltr'>ma·</span> 
     </span>
     <span class='ocr_line' id='line_1_32' title="bbox 120 3049 1827 3139; baseline 0.004 -36"><span class='ocrx_word' id='word_1_356' title='bbox 120 3066 201 3104; x_wconf 93' lang='lat' dir='ltr'>mum</span> <span class='ocrx_word' id='word_1_357' title='bbox 215 3049 511 3106; x_wconf 77' lang='lat' dir='ltr'>humanaevidentia</span> <span class='ocrx_word' id='word_1_358' title='bbox 529 3051 702 3107; x_wconf 90' lang='lat' dir='ltr'>miraculum</span> <span class='ocrx_word' id='word_1_359' title='bbox 719 3054 942 3111; x_wconf 76' lang='lat' dir='ltr'>declaravithc·</span> <span class='ocrx_word' id='word_1_360' title='bbox 998 3063 1055 3121; x_wconf 66' lang='lat' dir='ltr'>lere</span> <span class='ocrx_word' id='word_1_361' title='bbox 1070 3083 1087 3122; x_wconf 73' lang='lat' dir='ltr'>a</span> <span class='ocrx_word' id='word_1_362' title='bbox 1102 3066 1256 3122; x_wconf 59' lang='lat' dir='ltr'>sacerdote</span> <span class='ocrx_word' id='word_1_363' title='bbox 1280 3066 1346 3135; x_wconf 63' lang='lat'>1005,</span> <span class='ocrx_word' id='word_1_364' title='bbox 1372 3066 1407 3121; x_wconf 70' lang='lat' dir='ltr'>ad</span> <span class='ocrx_word' id='word_1_365' title='bbox 1432 3066 1554 3139; x_wconf 59' lang='lat' dir='ltr'>agilem,</span> <span class='ocrx_word' id='word_1_366' title='bbox 1571 3068 1723 3124; x_wconf 54' lang='lat' dir='ltr'>senonim</span> <span class='ocrx_word' id='word_1_367' title='bbox 1744 3069 1827 3129; x_wconf 58' lang='lat' dir='ltr'>affl,</span> 
     </span>
     <span class='ocr_line' id='line_1_33' title="bbox 120 3137 1827 3231; baseline 0.004 -39"><span class='ocrx_word' id='word_1_368' title='bbox 120 3137 240 3192; x_wconf 87' lang='lat' dir='ltr'>cedente</span> <span class='ocrx_word' id='word_1_369' title='bbox 255 3137 361 3191; x_wconf 88' lang='lat' dir='ltr'>abbate</span> <span class='ocrx_word' id='word_1_370' title='bbox 371 3154 438 3193; x_wconf 94' lang='lat' dir='ltr'>cum</span> <span class='ocrx_word' id='word_1_371' title='bbox 456 3138 596 3195; x_wconf 85' lang='lat' dir='ltr'>tratribus</span> <span class='ocrx_word' id='word_1_372' title='bbox 614 3141 650 3195; x_wconf 92' lang='lat' dir='ltr'>ad</span> <span class='ocrx_word' id='word_1_373' title='bbox 663 3142 820 3213; x_wconf 88' lang='lat' dir='ltr'>pavimenti</span> <span class='ocrx_word' id='word_1_374' title='bbox 830 3143 943 3216; x_wconf 88' lang='lat' dir='ltr'>lapides</span> <span class='ocrx_word' id='word_1_375' title='bbox 960 3151 982 3219; x_wconf 73' lang='lat'>(2</span> <span class='ocrx_word' id='word_1_376' title='bbox 1002 3154 1428 3228; x_wconf 50' lang='lat' dir='ltr'>archiepiscopumffierductue</span> <span class='ocrx_word' id='word_1_377' title='bbox 1444 3156 1587 3227; x_wconf 69' lang='lat' dir='ltr'>est;0ujug</span> <span class='ocrx_word' id='word_1_378' title='bbox 1602 3162 1749 3231; x_wconf 61' lang='lat' dir='ltr'>pfaeoeppo</span> <span class='ocrx_word' id='word_1_379' title='bbox 1762 3175 1827 3217; x_wconf 59' lang='grc' dir='ltr'>ω.</span> 
     </span>
     <span class='ocr_line' id='line_1_34' title="bbox 120 3222 1823 3321; baseline 0.014 -41"><span class='ocrx_word' id='word_1_380' title='bbox 120 3222 317 3293; x_wconf 89' lang='lat' dir='ltr'>revolvendos,</span> <span class='ocrx_word' id='word_1_381' title='bbox 334 3224 408 3297; x_wconf 89' lang='lat' dir='ltr'>lapis</span> <span class='ocrx_word' id='word_1_382' title='bbox 423 3225 471 3282; x_wconf 92' lang='lat' dir='ltr'>ille</span> <span class='ocrx_word' id='word_1_383' title='bbox 479 3226 528 3299; x_wconf 87' lang='lat' dir='ltr'>qui</span> <span class='ocrx_word' id='word_1_384' title='bbox 542 3245 625 3284; x_wconf 88' lang='lat' dir='ltr'>sacro</span> <span class='ocrx_word' id='word_1_385' title='bbox 638 3231 841 3303; x_wconf 91' lang='lat' dir='ltr'>superpositus</span> <span class='ocrx_word' id='word_1_386' title='bbox 848 3234 944 3289; x_wconf 86' lang='lat' dir='ltr'>luerat</span> <span class='ocrx_word' id='word_1_387' title='bbox 997 3243 1054 3299; x_wconf 77' lang='lat' dir='ltr'>ceri</span> <span class='ocrx_word' id='word_1_388' title='bbox 1071 3244 1267 3316; x_wconf 89' lang='lat' dir='ltr'>mancipatus,</span> <span class='ocrx_word' id='word_1_389' title='bbox 1284 3243 1434 3316; x_wconf 87' lang='lat' dir='ltr'>squalores</span> <span class='ocrx_word' id='word_1_390' title='bbox 1450 3243 1591 3319; x_wconf 79' lang='lat' dir='ltr'>ergastuli</span> <span class='ocrx_word' id='word_1_391' title='bbox 1613 3244 1743 3305; x_wconf 89' lang='lat' dir='ltr'>triennio</span> <span class='ocrx_word' id='word_1_392' title='bbox 1755 3260 1823 3321; x_wconf 79' lang='lat' dir='ltr'>per·</span> 
     </span>
     <span class='ocr_line' id='line_1_35' title="bbox 120 3314 1821 3406; baseline 0.005 -37"><span class='ocrx_word' id='word_1_393' title='bbox 120 3314 441 3383; x_wconf 89' lang='lat' dir='ltr'>monumento,nemine</span> <span class='ocrx_word' id='word_1_394' title='bbox 456 3315 625 3389; x_wconf 91' lang='lat' dir='ltr'>impellente</span> <span class='ocrx_word' id='word_1_395' title='bbox 635 3319 676 3374; x_wconf 92' lang='lat' dir='ltr'>ita</span> <span class='ocrx_word' id='word_1_396' title='bbox 690 3318 720 3375; x_wconf 90' lang='lat' dir='ltr'>ia</span> <span class='ocrx_word' id='word_1_397' title='bbox 735 3320 945 3392; x_wconf 87' lang='lat' dir='ltr'>partemlubri-</span> <span class='ocrx_word' id='word_1_398' title='bbox 997 3332 1084 3400; x_wconf 73' lang='lat' dir='ltr'>tulit3</span> <span class='ocrx_word' id='word_1_399' title='bbox 1108 3333 1185 3390; x_wconf 62' lang='lat' dir='ltr'>sams</span> <span class='ocrx_word' id='word_1_400' title='bbox 1208 3334 1346 3406; x_wconf 61' lang='lat' dir='ltr'>deinceps</span> <span class='ocrx_word' id='word_1_401' title='bbox 1369 3333 1563 3391; x_wconf 59' lang='lat' dir='ltr'>invalescente</span> <span class='ocrx_word' id='word_1_402' title='bbox 1587 3333 1757 3404; x_wconf 60' lang='lat' dir='ltr'>dimittitur,</span> <span class='ocrx_word' id='word_1_403' title='bbox 1782 3348 1821 3393; x_wconf 64' lang='grc' dir='ltr'>ῃ.</span> 
     </span>
     <span class='ocr_line' id='line_1_36' title="bbox 119 3404 1441 3496; baseline 0.015 -38"><span class='ocrx_word' id='word_1_404' title='bbox 119 3419 172 3459; x_wconf 90' lang='lat' dir='ltr'>cus</span> <span class='ocrx_word' id='word_1_405' title='bbox 187 3404 293 3474; x_wconf 89' lang='lat' dir='ltr'>ruit,ut</span> <span class='ocrx_word' id='word_1_406' title='bbox 307 3404 419 3462; x_wconf 82' lang='lat' dir='ltr'>catoris</span> <span class='ocrx_word' id='word_1_407' title='bbox 428 3405 617 3483; x_wconf 85' lang='lat' dir='ltr'>immobiliter</span> <span class='ocrx_word' id='word_1_408' title='bbox 630 3407 857 3480; x_wconf 89' lang='lat' dir='ltr'>persistentibus</span> <span class='ocrx_word' id='word_1_409' title='bbox 865 3412 944 3471; x_wconf 91' lang='lat' dir='ltr'>huuc</span> <span class='ocrx_word' id='word_1_410' title='bbox 998 3421 1098 3496; x_wconf 91' lang='lat' dir='ltr'>inopia</span> <span class='ocrx_word' id='word_1_411' title='bbox 1113 3422 1252 3480; x_wconf 86' lang='lat' dir='ltr'>deficiens</span> <span class='ocrx_word' id='word_1_412' title='bbox 1268 3428 1441 3480; x_wconf 87' lang='lat' dir='ltr'>moreretur.</span> 
     </span>
     <span class='ocr_line' id='line_1_37' title="bbox 119 3492 1824 3585; baseline 0.005 -36"><span class='ocrx_word' id='word_1_413' title='bbox 119 3508 237 3550; x_wconf 92' lang='lat' dir='ltr'>summo</span> <span class='ocrx_word' id='word_1_414' title='bbox 251 3492 465 3567; x_wconf 89' lang='lat' dir='ltr'>impellentium</span> <span class='ocrx_word' id='word_1_415' title='bbox 481 3494 547 3551; x_wconf 83' lang='lat' dir='ltr'>nisa</span> <span class='ocrx_word' id='word_1_416' title='bbox 563 3502 697 3554; x_wconf 90' lang='lat' dir='ltr'>coactum</span> <span class='ocrx_word' id='word_1_417' title='bbox 712 3498 871 3558; x_wconf 89' lang='lat' dir='ltr'>violentius</span> <span class='ocrx_word' id='word_1_418' title='bbox 882 3518 944 3561; x_wconf 88' lang='lat' dir='ltr'>ces·</span> <span class='ocrx_word' id='word_1_419' title='bbox 998 3511 1087 3569; x_wconf 67' lang='lat' dir='ltr'>Matris</span> <span class='ocrx_word' id='word_1_420' title='bbox 1101 3520 1257 3570; x_wconf 55' lang='lat' dir='ltr'>sanctorum</span> <span class='ocrx_word' id='word_1_421' title='bbox 1272 3513 1337 3570; x_wconf 63' lang='lat' dir='ltr'>locas</span> <span class='ocrx_word' id='word_1_422' title='bbox 1357 3513 1490 3585; x_wconf 54' lang='lat' dir='ltr'>tussam,</span> <span class='ocrx_word' id='word_1_423' title='bbox 1514 3513 1550 3570; x_wconf 64' lang='lat' dir='ltr'>aa</span> <span class='ocrx_word' id='word_1_424' title='bbox 1572 3513 1603 3570; x_wconf 75' lang='lat' dir='ltr'>s,</span> <span class='ocrx_word' id='word_1_425' title='bbox 1629 3513 1824 3575; x_wconf 60' lang='lat' dir='ltr'>mm„</span> 
     </span>
     <span class='ocr_line' id='line_1_38' title="bbox 119 3582 1471 3656; baseline 0.003 -18"><span class='ocrx_word' id='word_1_426' title='bbox 119 3583 194 3639; x_wconf 86' lang='lat' dir='ltr'>sisse</span> <span class='ocrx_word' id='word_1_427' title='bbox 208 3584 337 3656; x_wconf 85' lang='lat' dir='ltr'>putares.</span> <span class='ocrx_word' id='word_1_428' title='bbox 354 3582 589 3642; x_wconf 87' lang='lat' dir='ltr'>intellectumest</span> <span class='ocrx_word' id='word_1_429' title='bbox 604 3586 640 3642; x_wconf 89' lang='lat' dir='ltr'>ab</span> <span class='ocrx_word' id='word_1_430' title='bbox 656 3587 793 3646; x_wconf 92' lang='lat' dir='ltr'>omnibus</span> <span class='ocrx_word' id='word_1_431' title='bbox 806 3591 881 3646; x_wconf 91' lang='lat' dir='ltr'>sacri</span> <span class='ocrx_word' id='word_1_432' title='bbox 891 3591 946 3648; x_wconf 88' lang='lat' dir='ltr'>vir·</span> <span class='ocrx_word' id='word_1_433' title='bbox 1349 3593 1471 3642; x_wconf 77' lang='lat' dir='ltr'>carcar.</span> 
     </span>
     <span class='ocr_line' id='line_1_39' title="bbox 120 3671 1825 3753; baseline 0.005 -27"><span class='ocrx_word' id='word_1_434' title='bbox 120 3674 181 3729; x_wconf 89' lang='lat' dir='ltr'>tute</span> <span class='ocrx_word' id='word_1_435' title='bbox 196 3671 326 3746; x_wconf 89' lang='lat' dir='ltr'>corporis</span> <span class='ocrx_word' id='word_1_436' title='bbox 342 3688 409 3729; x_wconf 89' lang='lat' dir='ltr'>eum</span> <span class='ocrx_word' id='word_1_437' title='bbox 423 3672 514 3732; x_wconf 74' lang='lat' dir='ltr'>fuisse</span> <span class='ocrx_word' id='word_1_438' title='bbox 530 3674 693 3748; x_wconf 90' lang='lat' dir='ltr'>repulsum,</span> <span class='ocrx_word' id='word_1_439' title='bbox 710 3677 787 3751; x_wconf 89' lang='lat' dir='ltr'>quod</span> <span class='ocrx_word' id='word_1_440' title='bbox 803 3677 850 3753; x_wconf 89' lang='lat' dir='ltr'>pia</span> <span class='ocrx_word' id='word_1_441' title='bbox 865 3696 943 3753; x_wconf 73' lang='lat' dir='ltr'>que·</span> <span class='ocrx_word' id='word_1_442' title='bbox 1034 3673 1078 3730; x_wconf 81' lang='lat'>32.</span> <span class='ocrx_word' id='word_1_443' title='bbox 1092 3673 1166 3732; x_wconf 89' lang='lat' dir='ltr'>Hine</span> <span class='ocrx_word' id='word_1_444' title='bbox 1181 3674 1217 3730; x_wconf 90' lang='lat' dir='ltr'>ad</span> <span class='ocrx_word' id='word_1_445' title='bbox 1234 3674 1263 3732; x_wconf 88' lang='lat' dir='ltr'>S.</span> <span class='ocrx_word' id='word_1_446' title='bbox 1281 3672 1431 3731; x_wconf 81' lang='lat' dir='ltr'>Michaelis</span> <span class='ocrx_word' id='word_1_447' title='bbox 1446 3673 1600 3732; x_wconf 89' lang='lat' dir='ltr'>ecelesiam</span> <span class='ocrx_word' id='word_1_448' title='bbox 1625 3680 1776 3751; x_wconf 78' lang='lat' dir='ltr'>properat,</span> <span class='ocrx_word' id='word_1_449' title='bbox 1789 3691 1825 3737; x_wconf 90' lang='lat' dir='ltr'>ea</span> 
     </span>
     <span class='ocr_line' id='line_1_40' title="bbox 121 3758 1824 3838; baseline 0.006 -22"><span class='ocrx_word' id='word_1_450' title='bbox 121 3759 253 3818; x_wconf 90' lang='lat' dir='ltr'>rentibus</span> <span class='ocrx_word' id='word_1_451' title='bbox 280 3758 355 3819; x_wconf 88' lang='lat' dir='ltr'>ultro</span> <span class='ocrx_word' id='word_1_452' title='bbox 381 3778 412 3819; x_wconf 90' lang='lat' dir='ltr'>se</span> <span class='ocrx_word' id='word_1_453' title='bbox 436 3761 591 3820; x_wconf 86' lang='lat' dir='ltr'>videbatur</span> <span class='ocrx_word' id='word_1_454' title='bbox 604 3765 746 3837; x_wconf 83' lang='lat' dir='ltr'>ingerere.</span> <span class='ocrx_word' id='word_1_455' title='bbox 765 3767 945 3826; x_wconf 87' lang='lat' dir='ltr'>Pertinacius</span> <span class='ocrx_word' id='word_1_456' title='bbox 998 3760 1053 3819; x_wconf 75' lang='lat' dir='ltr'>loci</span> <span class='ocrx_word' id='word_1_457' title='bbox 1069 3761 1120 3835; x_wconf 82' lang='lat' dir='ltr'>qui</span> <span class='ocrx_word' id='word_1_458' title='bbox 1136 3763 1173 3819; x_wconf 87' lang='lat' dir='ltr'>ad</span> <span class='ocrx_word' id='word_1_459' title='bbox 1188 3762 1267 3820; x_wconf 83' lang='lat' dir='ltr'>Duae</span> <span class='ocrx_word' id='word_1_460' title='bbox 1283 3762 1414 3822; x_wconf 74' lang='lat' dir='ltr'>lumbes</span> <span class='ocrx_word' id='word_1_461' title='bbox 1431 3763 1487 3837; x_wconf 84' lang='lat'>(12)</span> <span class='ocrx_word' id='word_1_462' title='bbox 1502 3780 1536 3821; x_wconf 86' lang='lat' dir='ltr'>cx</span> <span class='ocrx_word' id='word_1_463' title='bbox 1547 3763 1671 3838; x_wconf 85' lang='lat' dir='ltr'>antiqua</span> <span class='ocrx_word' id='word_1_464' title='bbox 1684 3769 1824 3827; x_wconf 77' lang='lat' dir='ltr'>vocatae:</span> 
     </span>
     <span class='ocr_line' id='line_1_41' title="bbox 118 3848 1827 3926; baseline 0.009 -22"><span class='ocrx_word' id='word_1_465' title='bbox 118 3848 219 3922; x_wconf 75' lang='lat' dir='ltr'>itaque</span> <span class='ocrx_word' id='word_1_466' title='bbox 234 3850 315 3924; x_wconf 81' lang='lat' dir='ltr'>operi</span> <span class='ocrx_word' id='word_1_467' title='bbox 330 3849 511 3920; x_wconf 78' lang='lat' dir='ltr'>insistentes,</span> <span class='ocrx_word' id='word_1_468' title='bbox 528 3853 564 3909; x_wconf 78' lang='lat' dir='ltr'>ad</span> <span class='ocrx_word' id='word_1_469' title='bbox 580 3855 729 3912; x_wconf 81' lang='lat' dir='ltr'>reverendi</span> <span class='ocrx_word' id='word_1_470' title='bbox 745 3856 865 3914; x_wconf 77' lang='lat' dir='ltr'>andem</span> <span class='ocrx_word' id='word_1_471' title='bbox 877 3856 944 3916; x_wconf 84' lang='lat' dir='ltr'>the·</span> <span class='ocrx_word' id='word_1_472' title='bbox 999 3852 1077 3908; x_wconf 81' lang='lat' dir='ltr'>unde</span> <span class='ocrx_word' id='word_1_473' title='bbox 1091 3852 1240 3926; x_wconf 76' lang='lat' dir='ltr'>digressus</span> <span class='ocrx_word' id='word_1_474' title='bbox 1256 3852 1380 3909; x_wconf 80' lang='lat' dir='ltr'>Romam</span> <span class='ocrx_word' id='word_1_475' title='bbox 1395 3854 1513 3926; x_wconf 78' lang='lat' dir='ltr'>expetit,</span> <span class='ocrx_word' id='word_1_476' title='bbox 1523 3869 1581 3926; x_wconf 81' lang='lat' dir='ltr'>qus</span> <span class='ocrx_word' id='word_1_477' title='bbox 1595 3852 1827 3915; x_wconf 71' lang='lat' dir='ltr'>tunehdriaaae</span> 
     </span>
     <span class='ocr_line' id='line_1_42' title="bbox 118 3938 1825 4018; baseline 0.005 -24"><span class='ocrx_word' id='word_1_478' title='bbox 118 3954 183 3995; x_wconf 89' lang='lat' dir='ltr'>cam</span> <span class='ocrx_word' id='word_1_479' title='bbox 198 3938 328 4012; x_wconf 89' lang='lat' dir='ltr'>eorporis</span> <span class='ocrx_word' id='word_1_480' title='bbox 342 3944 636 4016; x_wconf 85' lang='lat' dir='ltr'>pervenerunt,cujue</span> <span class='ocrx_word' id='word_1_481' title='bbox 650 3942 945 4003; x_wconf 85' lang='lat' dir='ltr'>intimedebitmcau·</span> <span class='ocrx_word' id='word_1_482' title='bbox 999 3940 1170 4012; x_wconf 87' lang='lat' dir='ltr'>(sccundus)</span> <span class='ocrx_word' id='word_1_483' title='bbox 1186 3958 1262 4014; x_wconf 85' lang='lat' dir='ltr'>papa</span> <span class='ocrx_word' id='word_1_484' title='bbox 1288 3942 1389 3998; x_wconf 88' lang='lat' dir='ltr'>sedem</span> <span class='ocrx_word' id='word_1_485' title='bbox 1413 3941 1604 4015; x_wconf 87' lang='lat' dir='ltr'>apostolicam</span> <span class='ocrx_word' id='word_1_486' title='bbox 1629 3942 1825 4018; x_wconf 59' lang='lat' dir='ltr'>gubernata</span> 
     </span>
     <span class='ocr_line' id='line_1_43' title="bbox 119 4025 1827 4107; baseline 0.008 -27"><span class='ocrx_word' id='word_1_487' title='bbox 119 4025 177 4082; x_wconf 83' lang='lat' dir='ltr'>tela</span> <span class='ocrx_word' id='word_1_488' title='bbox 188 4027 353 4084; x_wconf 82' lang='lat' dir='ltr'>reverentis</span> <span class='ocrx_word' id='word_1_489' title='bbox 362 4027 420 4084; x_wconf 85' lang='lat' dir='ltr'>illis</span> <span class='ocrx_word' id='word_1_490' title='bbox 429 4030 691 4102; x_wconf 80' lang='lat' dir='ltr'>perscrutantibus,</span> <span class='ocrx_word' id='word_1_491' title='bbox 706 4032 743 4089; x_wconf 87' lang='lat' dir='ltr'>ad</span> <span class='ocrx_word' id='word_1_492' title='bbox 752 4038 943 4107; x_wconf 82' lang='lat' dir='ltr'>augmentum</span> <span class='ocrx_word' id='word_1_493' title='bbox 998 4030 1052 4096; x_wconf 85' lang='lat' dir='ltr'>Qui</span> <span class='ocrx_word' id='word_1_494' title='bbox 1068 4044 1135 4086; x_wconf 88' lang='lat' dir='ltr'>cum</span> <span class='ocrx_word' id='word_1_495' title='bbox 1151 4045 1219 4086; x_wconf 86' lang='lat' dir='ltr'>eum</span> <span class='ocrx_word' id='word_1_496' title='bbox 1236 4034 1404 4104; x_wconf 80' lang='lat' dir='ltr'>pergentem</span> <span class='ocrx_word' id='word_1_497' title='bbox 1421 4032 1457 4089; x_wconf 89' lang='lat' dir='ltr'>ad</span> <span class='ocrx_word' id='word_1_498' title='bbox 1477 4030 1631 4090; x_wconf 85' lang='lat' dir='ltr'>ecclesiam</span> <span class='ocrx_word' id='word_1_499' title='bbox 1654 4032 1684 4090; x_wconf 74' lang='grc' dir='ltr'>Β.</span> <span class='ocrx_word' id='word_1_500' title='bbox 1702 4031 1827 4093; x_wconf 76' lang='lat' dir='ltr'>loannis</span> 
     </span>
     <span class='ocr_line' id='line_1_44' title="bbox 119 4113 1826 4197; baseline 0.005 -27"><span class='ocrx_word' id='word_1_501' title='bbox 119 4113 253 4170; x_wconf 87' lang='lat' dir='ltr'>miraculi</span> <span class='ocrx_word' id='word_1_502' title='bbox 267 4114 298 4171; x_wconf 89' lang='lat' dir='ltr'>in</span> <span class='ocrx_word' id='word_1_503' title='bbox 314 4117 443 4188; x_wconf 91' lang='lat' dir='ltr'>quodam</span> <span class='ocrx_word' id='word_1_504' title='bbox 459 4135 525 4175; x_wconf 89' lang='lat' dir='ltr'>osse</span> <span class='ocrx_word' id='word_1_505' title='bbox 540 4121 670 4192; x_wconf 90' lang='lat' dir='ltr'>corporis</span> <span class='ocrx_word' id='word_1_506' title='bbox 685 4120 865 4178; x_wconf 88' lang='lat' dir='ltr'>sanctissimi</span> <span class='ocrx_word' id='word_1_507' title='bbox 874 4139 943 4180; x_wconf 91' lang='lat' dir='ltr'>con·</span> <span class='ocrx_word' id='word_1_508' title='bbox 999 4136 1062 4192; x_wconf 83' lang='lat' dir='ltr'>qua</span> <span class='ocrx_word' id='word_1_509' title='bbox 1074 4119 1278 4176; x_wconf 87' lang='lat' dir='ltr'>Lateranensis</span> <span class='ocrx_word' id='word_1_510' title='bbox 1293 4120 1402 4178; x_wconf 88' lang='lat' dir='ltr'>dieitur</span> <span class='ocrx_word' id='word_1_511' title='bbox 1416 4118 1600 4194; x_wconf 81' lang='lat' dir='ltr'>inspexisset,</span> <span class='ocrx_word' id='word_1_512' title='bbox 1614 4119 1749 4180; x_wconf 87' lang='lat' dir='ltr'>mirabili</span> <span class='ocrx_word' id='word_1_513' title='bbox 1761 4137 1826 4197; x_wconf 77' lang='lat' dir='ltr'>por·</span> 
     </span>
     <span class='ocr_line' id='line_1_45' title="bbox 119 4201 1825 4283; baseline 0.008 -27"><span class='ocrx_word' id='word_1_514' title='bbox 119 4201 238 4260; x_wconf 86' lang='lat' dir='ltr'>sessoris</span> <span class='ocrx_word' id='word_1_515' title='bbox 252 4207 341 4277; x_wconf 79' lang='lat' dir='ltr'>guttae</span> <span class='ocrx_word' id='word_1_516' title='bbox 358 4205 422 4260; x_wconf 91' lang='lat' dir='ltr'>auri</span> <span class='ocrx_word' id='word_1_517' title='bbox 445 4207 597 4279; x_wconf 87' lang='lat' dir='ltr'>purissimi</span> <span class='ocrx_word' id='word_1_518' title='bbox 618 4208 840 4282; x_wconf 88' lang='lat' dir='ltr'>splenduerunt,</span> <span class='ocrx_word' id='word_1_519' title='bbox 856 4213 943 4270; x_wconf 89' lang='lat' dir='ltr'>credo</span> <span class='ocrx_word' id='word_1_520' title='bbox 998 4213 1079 4265; x_wconf 90' lang='lat' dir='ltr'>tento</span> <span class='ocrx_word' id='word_1_521' title='bbox 1093 4209 1172 4283; x_wconf 90' lang='lat' dir='ltr'>qaod</span> <span class='ocrx_word' id='word_1_522' title='bbox 1183 4206 1272 4265; x_wconf 90' lang='lat' dir='ltr'>miser</span> <span class='ocrx_word' id='word_1_523' title='bbox 1279 4209 1315 4266; x_wconf 96' lang='lat' dir='ltr'>ob</span> <span class='ocrx_word' id='word_1_524' title='bbox 1329 4209 1424 4268; x_wconf 88' lang='lat' dir='ltr'>scalas</span> <span class='ocrx_word' id='word_1_525' title='bbox 1435 4210 1658 4268; x_wconf 79' lang='lat' dir='ltr'>circumferebat</span> <span class='ocrx_word' id='word_1_526' title='bbox 1667 4210 1825 4281; x_wconf 80' lang='lat' dir='ltr'>attonitas,</span> 
     </span>
     <span class='ocr_line' id='line_1_46' title="bbox 118 4289 1825 4375; baseline 0.009 -31"><span class='ocrx_word' id='word_1_527' title='bbox 118 4289 192 4346; x_wconf 89' lang='lat' dir='ltr'>illud</span> <span class='ocrx_word' id='word_1_528' title='bbox 201 4290 419 4350; x_wconf 89' lang='lat' dir='ltr'>evidentissime</span> <span class='ocrx_word' id='word_1_529' title='bbox 428 4300 626 4353; x_wconf 88' lang='lat' dir='ltr'>monstrantes</span> <span class='ocrx_word' id='word_1_530' title='bbox 636 4296 808 4356; x_wconf 88' lang='lat' dir='ltr'>thesaurum</span> <span class='ocrx_word' id='word_1_531' title='bbox 818 4299 944 4374; x_wconf 85' lang='lat' dir='ltr'>locuple</span> <span class='ocrx_word' id='word_1_532' title='bbox 997 4298 1034 4354; x_wconf 88' lang='lat' dir='ltr'>ad</span> <span class='ocrx_word' id='word_1_533' title='bbox 1050 4315 1082 4356; x_wconf 89' lang='lat' dir='ltr'>se</span> <span class='ocrx_word' id='word_1_534' title='bbox 1097 4313 1165 4354; x_wconf 91' lang='lat' dir='ltr'>eum</span> <span class='ocrx_word' id='word_1_535' title='bbox 1180 4298 1318 4371; x_wconf 83' lang='lat' dir='ltr'>pracepit</span> <span class='ocrx_word' id='word_1_536' title='bbox 1332 4299 1457 4368; x_wconf 83' lang='lat' dir='ltr'>evocari,</span> <span class='ocrx_word' id='word_1_537' title='bbox 1470 4316 1616 4373; x_wconf 88' lang='lat' dir='ltr'>causaque</span> <span class='ocrx_word' id='word_1_538' title='bbox 1631 4300 1698 4375; x_wconf 83' lang='lat' dir='ltr'>ejus</span> <span class='ocrx_word' id='word_1_539' title='bbox 1714 4298 1825 4359; x_wconf 79' lang='lat' dir='ltr'>sollici·</span> 
     </span>
     <span class='ocr_line' id='line_1_47' title="bbox 118 4379 1825 4462; baseline 0.008 -27"><span class='ocrx_word' id='word_1_540' title='bbox 118 4379 278 4449; x_wconf 88' lang='lat' dir='ltr'>tissimum,</span> <span class='ocrx_word' id='word_1_541' title='bbox 295 4382 347 4454; x_wconf 91' lang='lat' dir='ltr'>qui</span> <span class='ocrx_word' id='word_1_542' title='bbox 363 4383 452 4438; x_wconf 88' lang='lat' dir='ltr'>divini</span> <span class='ocrx_word' id='word_1_543' title='bbox 468 4383 604 4458; x_wconf 85' lang='lat' dir='ltr'>largitate</span> <span class='ocrx_word' id='word_1_544' title='bbox 621 4388 751 4444; x_wconf 89' lang='lat' dir='ltr'>muneris</span> <span class='ocrx_word' id='word_1_545' title='bbox 767 4391 940 4462; x_wconf 76' lang='lat' dir='ltr'>patefactus,</span> <span class='ocrx_word' id='word_1_546' title='bbox 998 4387 1057 4444; x_wconf 89' lang='lat' dir='ltr'>tius</span> <span class='ocrx_word' id='word_1_547' title='bbox 1072 4387 1245 4460; x_wconf 86' lang='lat' dir='ltr'>perquisita,</span> <span class='ocrx_word' id='word_1_548' title='bbox 1260 4387 1386 4461; x_wconf 86' lang='lat' dir='ltr'>benigne</span> <span class='ocrx_word' id='word_1_549' title='bbox 1401 4405 1469 4444; x_wconf 91' lang='lat' dir='ltr'>eum</span> <span class='ocrx_word' id='word_1_550' title='bbox 1494 4388 1530 4445; x_wconf 92' lang='lat' dir='ltr'>ad</span> <span class='ocrx_word' id='word_1_551' title='bbox 1553 4388 1761 4462; x_wconf 80' lang='lat' dir='ltr'>poeniteutiam</span> <span class='ocrx_word' id='word_1_552' title='bbox 1774 4405 1825 4447; x_wconf 78' lang='lat' dir='ltr'>cx·</span> 
     </span>
     <span class='ocr_line' id='line_1_48' title="bbox 118 4469 1827 4555; baseline 0.008 -31"><span class='ocrx_word' id='word_1_553' title='bbox 118 4469 167 4542; x_wconf 92' lang='lat' dir='ltr'>pia</span> <span class='ocrx_word' id='word_1_554' title='bbox 182 4470 315 4528; x_wconf 83' lang='lat' dir='ltr'>fidelium</span> <span class='ocrx_word' id='word_1_555' title='bbox 338 4471 491 4546; x_wconf 80' lang='lat' dir='ltr'>diligentia</span> <span class='ocrx_word' id='word_1_556' title='bbox 515 4476 706 4533; x_wconf 87' lang='lat' dir='ltr'>tractabatur.</span> <span class='ocrx_word' id='word_1_557' title='bbox 723 4481 757 4535; x_wconf 78' lang='lat' dir='ltr'>Et</span> <span class='ocrx_word' id='word_1_558' title='bbox 772 4496 806 4537; x_wconf 92' lang='lat' dir='ltr'>ea</span> <span class='ocrx_word' id='word_1_559' title='bbox 821 4480 941 4552; x_wconf 89' lang='lat' dir='ltr'>quidem</span> <span class='ocrx_word' id='word_1_560' title='bbox 997 4476 1240 4546; x_wconf 87' lang='lat' dir='ltr'>hortatus,donuo</span> <span class='ocrx_word' id='word_1_561' title='bbox 1255 4493 1322 4535; x_wconf 91' lang='lat' dir='ltr'>eum</span> <span class='ocrx_word' id='word_1_562' title='bbox 1338 4478 1374 4534; x_wconf 93' lang='lat' dir='ltr'>ad</span> <span class='ocrx_word' id='word_1_563' title='bbox 1391 4476 1576 4534; x_wconf 85' lang='lat' dir='ltr'>BMichaelis</span> <span class='ocrx_word' id='word_1_564' title='bbox 1591 4477 1749 4537; x_wconf 81' lang='lat' dir='ltr'>eeclesiam</span> <span class='ocrx_word' id='word_1_565' title='bbox 1763 4494 1827 4555; x_wconf 80' lang='lat' dir='ltr'>pee-</span> 
     </span>
     <span class='ocr_line' id='line_1_49' title="bbox 118 4527 1825 4640; baseline 0.007 -25"><span class='ocrx_word' id='word_1_566' title='bbox 118 4564 203 4617; x_wconf 91' lang='lat' dir='ltr'>noete</span> <span class='ocrx_word' id='word_1_567' title='bbox 214 4567 351 4618; x_wconf 89' lang='lat' dir='ltr'>sanctum</span> <span class='ocrx_word' id='word_1_568' title='bbox 366 4562 474 4635; x_wconf 79' lang='lat' dir='ltr'>pignus</span> <span class='ocrx_word' id='word_1_569' title='bbox 489 4581 521 4621; x_wconf 90' lang='lat' dir='ltr'>ea</span> <span class='ocrx_word' id='word_1_570' title='bbox 538 4565 668 4638; x_wconf 89' lang='lat' dir='ltr'>persistit</span> <span class='ocrx_word' id='word_1_571' title='bbox 681 4566 777 4636; x_wconf 90' lang='lat' dir='ltr'>modo,</span> <span class='ocrx_word' id='word_1_572' title='bbox 792 4569 940 4627; x_wconf 89' lang='lat' dir='ltr'>continuis</span> <span class='ocrx_word' id='word_1_573' title='bbox 956 4527 980 4592; x_wconf 74' lang='lat' dir='ltr'>D</span> <span class='ocrx_word' id='word_1_574' title='bbox 995 4581 1071 4639; x_wconf 82' lang='lat' dir='ltr'>gere,</span> <span class='ocrx_word' id='word_1_575' title='bbox 1086 4565 1214 4638; x_wconf 87' lang='lat' dir='ltr'>itemque</span> <span class='ocrx_word' id='word_1_576' title='bbox 1229 4565 1265 4622; x_wconf 86' lang='lat' dir='ltr'>ad</span> <span class='ocrx_word' id='word_1_577' title='bbox 1281 4582 1311 4621; x_wconf 92' lang='lat' dir='ltr'>sc</span> <span class='ocrx_word' id='word_1_578' title='bbox 1326 4565 1452 4639; x_wconf 90' lang='lat' dir='ltr'>imperat</span> <span class='ocrx_word' id='word_1_579' title='bbox 1466 4567 1636 4626; x_wconf 79' lang='lat' dir='ltr'>remearah</span> <span class='ocrx_word' id='word_1_580' title='bbox 1649 4566 1825 4640; x_wconf 81' lang='lat' dir='ltr'>quodlmie·</span> 
     </span>
     <span class='ocr_line' id='line_1_50' title="bbox 116 4646 1825 4733; baseline 0.007 -30"><span class='ocrx_word' id='word_1_581' title='bbox 116 4646 253 4706; x_wconf 86' lang='lat' dir='ltr'>laudibue</span> <span class='ocrx_word' id='word_1_582' title='bbox 269 4667 301 4708; x_wconf 91' lang='lat' dir='ltr'>ae</span> <span class='ocrx_word' id='word_1_583' title='bbox 316 4650 423 4724; x_wconf 84' lang='lat' dir='ltr'>vigiliis</span> <span class='ocrx_word' id='word_1_584' title='bbox 448 4653 592 4711; x_wconf 87' lang='lat' dir='ltr'>sincerius</span> <span class='ocrx_word' id='word_1_585' title='bbox 617 4654 789 4713; x_wconf 85' lang='lat' dir='ltr'>honoratur.</span> <span class='ocrx_word' id='word_1_586' title='bbox 807 4656 941 4718; x_wconf 84' lang='lat' dir='ltr'>Crastino</span> <span class='ocrx_word' id='word_1_587' title='bbox 998 4671 1060 4728; x_wconf 82' lang='lat' dir='ltr'>sus,</span> <span class='ocrx_word' id='word_1_588' title='bbox 1071 4653 1175 4711; x_wconf 90' lang='lat' dir='ltr'>eumin</span> <span class='ocrx_word' id='word_1_589' title='bbox 1185 4670 1293 4728; x_wconf 83' lang='lat' dir='ltr'>pagum</span> <span class='ocrx_word' id='word_1_590' title='bbox 1305 4655 1825 4733; x_wconf 77' lang='lat' dir='ltr'>Trecassinumiortuitedeveuiseoi,</span> 
     </span>
     <span class='ocr_line' id='line_1_51' title="bbox 117 4738 1825 4817; baseline 0.008 -24"><span class='ocrx_word' id='word_1_591' title='bbox 117 4738 271 4808; x_wconf 87' lang='lat' dir='ltr'>subeunte,</span> <span class='ocrx_word' id='word_1_592' title='bbox 287 4740 417 4813; x_wconf 80' lang='lat' dir='ltr'>pontifex</span> <span class='ocrx_word' id='word_1_593' title='bbox 432 4742 577 4799; x_wconf 91' lang='lat' dir='ltr'>maturius</span> <span class='ocrx_word' id='word_1_594' title='bbox 593 4743 695 4800; x_wconf 87' lang='lat' dir='ltr'>adesse</span> <span class='ocrx_word' id='word_1_595' title='bbox 710 4747 943 4817; x_wconf 88' lang='lat' dir='ltr'>curavit‚solom·</span> <span class='ocrx_word' id='word_1_596' title='bbox 998 4762 1057 4801; x_wconf 90' lang='lat' dir='ltr'>una</span> <span class='ocrx_word' id='word_1_597' title='bbox 1072 4744 1202 4802; x_wconf 90' lang='lat' dir='ltr'>noctium</span> <span class='ocrx_word' id='word_1_598' title='bbox 1217 4744 1332 4802; x_wconf 90' lang='lat' dir='ltr'>samaia</span> <span class='ocrx_word' id='word_1_599' title='bbox 1343 4750 1556 4815; x_wconf 84' lang='lat' dir='ltr'>commonetur,</span> <span class='ocrx_word' id='word_1_600' title='bbox 1570 4750 1602 4803; x_wconf 91' lang='lat' dir='ltr'>ut</span> <span class='ocrx_word' id='word_1_601' title='bbox 1617 4745 1654 4802; x_wconf 90' lang='lat' dir='ltr'>ad</span> <span class='ocrx_word' id='word_1_602' title='bbox 1669 4744 1825 4805; x_wconf 70' lang='lat' dir='ltr'>basilicam</span> 
     </span>
    </p>
   </div>
   <div class='ocr_carea' id='block_1_3' title="bbox 89 4825 1825 4913">
    <p class='ocr_par' dir='ltr' id='par_1_3' title="bbox 89 4825 1825 4913">
     <span class='ocr_line' id='line_1_52' title="bbox 89 4825 1825 4913; baseline 0.007 -34"><span class='ocrx_word' id='word_1_603' title='bbox 89 4905 93 4913; x_wconf 92' lang='lat'><em>.</em></span> <span class='ocrx_word' id='word_1_604' title='bbox 116 4825 206 4899; x_wconf 87' lang='lat' dir='ltr'>nique</span> <span class='ocrx_word' id='word_1_605' title='bbox 221 4828 351 4886; x_wconf 88' lang='lat' dir='ltr'>oratione</span> <span class='ocrx_word' id='word_1_606' title='bbox 365 4830 567 4902; x_wconf 69' lang='lat' dir='ltr'>premissam</span> <span class='ocrx_word' id='word_1_607' title='bbox 583 4835 855 4892; x_wconf 87' lang='lat' dir='ltr'>sacrumtumuium</span> <span class='ocrx_word' id='word_1_608' title='bbox 868 4853 943 4893; x_wconf 89' lang='lat' dir='ltr'>reve·</span> <span class='ocrx_word' id='word_1_609' title='bbox 998 4838 1104 4891; x_wconf 77' lang='lat' dir='ltr'>sanctae</span> <span class='ocrx_word' id='word_1_610' title='bbox 1121 4833 1172 4890; x_wconf 91' lang='lat' dir='ltr'>Dei</span> <span class='ocrx_word' id='word_1_611' title='bbox 1188 4832 1339 4906; x_wconf 83' lang='lat' dir='ltr'>genitricis</span> <span class='ocrx_word' id='word_1_612' title='bbox 1363 4839 1392 4890; x_wconf 90' lang='lat' dir='ltr'>et</span> <span class='ocrx_word' id='word_1_613' title='bbox 1415 4833 1537 4908; x_wconf 82' lang='lat' dir='ltr'>virginis</span> <span class='ocrx_word' id='word_1_614' title='bbox 1560 4833 1658 4892; x_wconf 72' lang='lat' dir='ltr'>Marica</span> <span class='ocrx_word' id='word_1_615' title='bbox 1679 4835 1771 4893; x_wconf 82' lang='lat' dir='ltr'>sitam</span> <span class='ocrx_word' id='word_1_616' title='bbox 1793 4832 1825 4891; x_wconf 81' lang='lat' dir='ltr'>la</span> 
     </span>
    </p>
   </div>
   <div class='ocr_carea' id='block_1_4' title="bbox 116 4980 1824 5219">
    <p class='ocr_par' dir='ltr' id='par_1_4' title="bbox 116 4980 1824 5219">
     <span class='ocr_line' id='line_1_53' title="bbox 153 4980 1823 5065; baseline 0.005 -31"><span class='ocrx_word' id='word_1_617' title='bbox 153 4980 211 5049; x_wconf 89' lang='lat'>(10)</span> <span class='ocrx_word' id='word_1_618' title='bbox 231 4980 313 5038; x_wconf 88' lang='lat' dir='ltr'>Diem</span> <span class='ocrx_word' id='word_1_619' title='bbox 332 4982 475 5065; x_wconf 30' lang='lat' dir='ltr'>,designat</span> <span class='ocrx_word' id='word_1_620' title='bbox 498 4989 584 5056; x_wconf 90' lang='lat' dir='ltr'>poeta</span> <span class='ocrx_word' id='word_1_621' title='bbox 608 4985 747 5054; x_wconf 88' lang='lat' dir='ltr'>ineditus,</span> <span class='ocrx_word' id='word_1_622' title='bbox 774 5005 878 5061; x_wconf 90' lang='lat' dir='ltr'>nempe</span> <span class='ocrx_word' id='word_1_623' title='bbox 902 5007 941 5045; x_wconf 83' lang='lat' dir='ltr'>xa</span> <span class='ocrx_word' id='word_1_624' title='bbox 997 4988 1033 5044; x_wconf 89' lang='lat' dir='ltr'>ab</span> <span class='ocrx_word' id='word_1_625' title='bbox 1050 4985 1209 5042; x_wconf 88' lang='lat' dir='ltr'>elevatione</span> <span class='ocrx_word' id='word_1_626' title='bbox 1234 4984 1310 5043; x_wconf 89' lang='lat' dir='ltr'>sacri</span> <span class='ocrx_word' id='word_1_627' title='bbox 1334 4985 1474 5059; x_wconf 89' lang='lat' dir='ltr'>corporis,</span> <span class='ocrx_word' id='word_1_628' title='bbox 1495 4985 1573 5043; x_wconf 89' lang='lat' dir='ltr'>Bada</span> <span class='ocrx_word' id='word_1_629' title='bbox 1596 4985 1633 5040; x_wconf 89' lang='lat' dir='ltr'>de</span> <span class='ocrx_word' id='word_1_630' title='bbox 1656 4983 1823 5043; x_wconf 79' lang='lat' dir='ltr'>inventione·</span> 
     </span>
     <span class='ocr_line' id='line_1_54' title="bbox 116 5051 1824 5117; baseline 0.006 -12"><span class='ocrx_word' id='word_1_631' title='bbox 116 5051 239 5107; x_wconf 86' lang='lat' dir='ltr'>Kalend.</span> <span class='ocrx_word' id='word_1_632' title='bbox 252 5053 373 5110; x_wconf 81' lang='lat' dir='ltr'>Martiae</span> <span class='ocrx_word' id='word_1_633' title='bbox 388 5055 434 5111; x_wconf 81' lang='lat' dir='ltr'>his</span> <span class='ocrx_word' id='word_1_634' title='bbox 448 5056 600 5113; x_wconf 86' lang='lat' dir='ltr'>versibus:</span> <span class='ocrx_word' id='word_1_635' title='bbox 995 5074 1130 5117; x_wconf 87' lang='lat' dir='ltr'>verarum</span> <span class='ocrx_word' id='word_1_636' title='bbox 1147 5055 1198 5114; x_wconf 89' lang='lat' dir='ltr'>reli</span> <span class='ocrx_word' id='word_1_637' title='bbox 1222 5056 1338 5113; x_wconf 90' lang='lat' dir='ltr'>uiarum</span> <span class='ocrx_word' id='word_1_638' title='bbox 1354 5056 1522 5114; x_wconf 78' lang='lat' dir='ltr'>Fradobcrti</span> <span class='ocrx_word' id='word_1_639' title='bbox 1533 5054 1639 5113; x_wconf 89' lang='lat' dir='ltr'>certior</span> <span class='ocrx_word' id='word_1_640' title='bbox 1648 5056 1746 5114; x_wconf 82' lang='lat' dir='ltr'>lactus</span> <span class='ocrx_word' id='word_1_641' title='bbox 1756 5054 1824 5115; x_wconf 79' lang='lat' dir='ltr'>diei·</span> 
     </span>
     <span class='ocr_line' id='line_1_55' title="bbox 146 5125 1823 5219; baseline 0.002 -20"><span class='ocrx_word' id='word_1_642' title='bbox 146 5149 219 5208; x_wconf 82' lang='lat' dir='ltr'>Quos</span> <span class='ocrx_word' id='word_1_643' title='bbox 233 5151 328 5202; x_wconf 84' lang='lat' dir='ltr'>Februi</span> <span class='ocrx_word' id='word_1_644' title='bbox 343 5153 432 5203; x_wconf 89' lang='lat' dir='ltr'>medio</span> <span class='ocrx_word' id='word_1_645' title='bbox 447 5154 605 5205; x_wconf 85' lang='lat' dir='ltr'>conscendit</span> <span class='ocrx_word' id='word_1_646' title='bbox 619 5154 682 5205; x_wconf 89' lang='lat' dir='ltr'>calle</span> <span class='ocrx_word' id='word_1_647' title='bbox 696 5157 807 5219; x_wconf 73' lang='lat' dir='ltr'>provido</span> <span class='ocrx_word' id='word_1_648' title='bbox 995 5136 1045 5187; x_wconf 54' lang='grc' dir='ltr'>ΜΓ</span> <span class='ocrx_word' id='word_1_649' title='bbox 1061 5146 1067 5186; x_wconf 76' lang='lat'>²</span> <span class='ocrx_word' id='word_1_650' title='bbox 1085 5129 1142 5186; x_wconf 58' lang='lat' dir='ltr'>&amp;list</span> <span class='ocrx_word' id='word_1_651' title='bbox 1156 5144 1196 5185; x_wconf 76' lang='lat'>¹¹¹</span> <span class='ocrx_word' id='word_1_652' title='bbox 1236 5126 1332 5185; x_wconf 58' lang='lat' dir='ltr'>alind·</span> <span class='ocrx_word' id='word_1_653' title='bbox 1348 5125 1823 5201; x_wconf 61' lang='lat' dir='ltr'>April-sffi0d0b0fmfld0fmifflfl</span> 
     </span>
    </p>
   </div>
   <div class='ocr_carea' id='block_1_5' title="bbox 146 5199 1822 5401">
    <p class='ocr_par' dir='ltr' id='par_1_5' title="bbox 146 5199 1822 5401">
     <span class='ocr_line' id='line_1_56' title="bbox 147 5199 1822 5283; baseline 0.005 -21"><span class='ocrx_word' id='word_1_654' title='bbox 147 5214 275 5264; x_wconf 80' lang='lat' dir='ltr'>intrasset</span> <span class='ocrx_word' id='word_1_655' title='bbox 288 5219 392 5278; x_wconf 86' lang='lat' dir='ltr'>partem</span> <span class='ocrx_word' id='word_1_656' title='bbox 407 5221 539 5279; x_wconf 85' lang='lat' dir='ltr'>quartam,</span> <span class='ocrx_word' id='word_1_657' title='bbox 555 5217 640 5269; x_wconf 88' lang='lat' dir='ltr'>lucem</span> <span class='ocrx_word' id='word_1_658' title='bbox 653 5214 806 5269; x_wconf 86' lang='lat' dir='ltr'>duodenam</span> <span class='ocrx_word' id='word_1_659' title='bbox 996 5201 1106 5258; x_wconf 79' lang='lat' dir='ltr'>Bodoni</span> <span class='ocrx_word' id='word_1_660' title='bbox 1122 5200 1293 5272; x_wconf 75' lang='lat' dir='ltr'>apparuisse</span> <span class='ocrx_word' id='word_1_661' title='bbox 1310 5200 1339 5255; x_wconf 63' lang='lat'>5¹¹</span> <span class='ocrx_word' id='word_1_662' title='bbox 1355 5206 1458 5283; x_wconf 60' lang='lat' dir='ltr'>ciiii!i</span> <span class='ocrx_word' id='word_1_663' title='bbox 1480 5199 1598 5267; x_wconf 49' lang='lat' dir='ltr'>difflui&amp;</span> <span class='ocrx_word' id='word_1_664' title='bbox 1615 5203 1645 5256; x_wconf 65' lang='lat' dir='ltr'>fii</span> <span class='ocrx_word' id='word_1_665' title='bbox 1662 5199 1822 5282; x_wconf 53' lang='lat' dir='ltr'>ssim</span> 
     </span>
     <span class='ocr_line' id='line_1_57' title="bbox 147 5268 1821 5344; baseline 0.014 -21"><span class='ocrx_word' id='word_1_666' title='bbox 147 5276 233 5333; x_wconf 85' lang='lat' dir='ltr'>Quum</span> <span class='ocrx_word' id='word_1_667' title='bbox 250 5278 342 5327; x_wconf 82' lang='lat' dir='ltr'>Lector</span> <span class='ocrx_word' id='word_1_668' title='bbox 356 5279 448 5328; x_wconf 87' lang='lat' dir='ltr'>Martis</span> <span class='ocrx_word' id='word_1_669' title='bbox 463 5281 512 5329; x_wconf 81' lang='lat' dir='ltr'>siai</span> <span class='ocrx_word' id='word_1_670' title='bbox 524 5280 635 5330; x_wconf 86' lang='lat' dir='ltr'>calculat</span> <span class='ocrx_word' id='word_1_671' title='bbox 649 5285 711 5330; x_wconf 87' lang='lat' dir='ltr'>ante</span> <span class='ocrx_word' id='word_1_672' title='bbox 722 5281 867 5336; x_wconf 83' lang='lat' dir='ltr'>Kalendas:</span> <span class='ocrx_word' id='word_1_673' title='bbox 995 5273 1199 5330; x_wconf 68' lang='lat' dir='ltr'>Arefflbsslillffl</span> <span class='ocrx_word' id='word_1_674' title='bbox 1217 5272 1405 5340; x_wconf 90' lang='lat' dir='ltr'>monachum,</span> <span class='ocrx_word' id='word_1_675' title='bbox 1422 5275 1529 5327; x_wconf 53' lang='lat' dir='ltr'>illium</span> <span class='ocrx_word' id='word_1_676' title='bbox 1548 5274 1577 5327; x_wconf 65' lang='lat' dir='ltr'>ei</span> <span class='ocrx_word' id='word_1_677' title='bbox 1601 5285 1749 5344; x_wconf 57' lang='lat' dir='ltr'>flanssumi</span> <span class='ocrx_word' id='word_1_678' title='bbox 1763 5268 1821 5327; x_wconf 56' lang='grc' dir='ltr'>ὼ·</span> 
     </span>
     <span class='ocr_line' id='line_1_58' title="bbox 146 5337 1073 5401; baseline 0.013 -14"><span class='ocrx_word' id='word_1_679' title='bbox 146 5337 280 5401; x_wconf 82' lang='lat' dir='ltr'>Compulei</span> <span class='ocrx_word' id='word_1_680' title='bbox 295 5340 358 5390; x_wconf 88' lang='lat' dir='ltr'>binc</span> <span class='ocrx_word' id='word_1_681' title='bbox 374 5340 436 5390; x_wconf 90' lang='lat' dir='ltr'>inde</span> <span class='ocrx_word' id='word_1_682' title='bbox 449 5343 616 5393; x_wconf 89' lang='lat' dir='ltr'>meditentur</span> <span class='ocrx_word' id='word_1_683' title='bbox 633 5344 737 5394; x_wconf 82' lang='lat' dir='ltr'>viscera</span> <span class='ocrx_word' id='word_1_684' title='bbox 751 5347 828 5395; x_wconf 85' lang='lat' dir='ltr'>terrm</span> <span class='ocrx_word' id='word_1_685' title='bbox 996 5362 1073 5401; x_wconf 87' lang='lat' dir='ltr'>rum.</span> 
     </span>
    </p>
   </div>
   <div class='ocr_carea' id='block_1_6' title="bbox 117 5400 1821 5633">
    <p class='ocr_par' dir='ltr' id='par_1_6' title="bbox 117 5400 1821 5633">
     <span class='ocr_line' id='line_1_59' title="bbox 149 5400 1821 5488; baseline 0.002 -21"><span class='ocrx_word' id='word_1_686' title='bbox 149 5400 244 5451; x_wconf 60' lang='lat' dir='ltr'>”usim</span> <span class='ocrx_word' id='word_1_687' title='bbox 261 5403 383 5453; x_wconf 62' lang='lat' dir='ltr'>Wlffl-</span> <span class='ocrx_word' id='word_1_688' title='bbox 1031 5419 1087 5485; x_wconf 82' lang='lat' dir='ltr'>(ta)</span> <span class='ocrx_word' id='word_1_689' title='bbox 1112 5415 1219 5471; x_wconf 81' lang='lat' dir='ltr'>Eadem</span> <span class='ocrx_word' id='word_1_690' title='bbox 1243 5413 1436 5488; x_wconf 85' lang='lat' dir='ltr'>appellatione</span> <span class='ocrx_word' id='word_1_691' title='bbox 1460 5413 1495 5470; x_wconf 86' lang='lat' dir='ltr'>ud</span> <span class='ocrx_word' id='word_1_692' title='bbox 1518 5414 1591 5470; x_wconf 81' lang='lat' dir='ltr'>Deos</span> <span class='ocrx_word' id='word_1_693' title='bbox 1621 5413 1738 5471; x_wconf 74' lang='lat' dir='ltr'>litmhm</span> <span class='ocrx_word' id='word_1_694' title='bbox 1761 5412 1821 5471; x_wconf 82' lang='lat' dir='ltr'>Ode</span> 
     </span>
     <span class='ocr_line' id='line_1_60' title="bbox 151 5479 1821 5561; baseline 0.006 -28"><span class='ocrx_word' id='word_1_695' title='bbox 151 5479 206 5561; x_wconf 77' lang='lat' dir='ltr'>(ll)</span> <span class='ocrx_word' id='word_1_696' title='bbox 222 5480 290 5537; x_wconf 89' lang='lat' dir='ltr'>Post</span> <span class='ocrx_word' id='word_1_697' title='bbox 315 5481 375 5539; x_wconf 82' lang='lat' dir='ltr'>bec</span> <span class='ocrx_word' id='word_1_698' title='bbox 391 5483 465 5540; x_wconf 89' lang='lat' dir='ltr'>duas</span> <span class='ocrx_word' id='word_1_699' title='bbox 481 5485 651 5542; x_wconf 84' lang='lat' dir='ltr'>Frodoberti</span> <span class='ocrx_word' id='word_1_700' title='bbox 673 5487 872 5560; x_wconf 90' lang='lat' dir='ltr'>apparitiones</span> <span class='ocrx_word' id='word_1_701' title='bbox 887 5489 941 5546; x_wconf 88' lang='lat' dir='ltr'>Bo·</span> <span class='ocrx_word' id='word_1_702' title='bbox 995 5485 1243 5544; x_wconf 85' lang='lat' dir='ltr'>Glannaloliensis</span> <span class='ocrx_word' id='word_1_703' title='bbox 1263 5486 1400 5560; x_wconf 88' lang='lat' dir='ltr'>designat</span> <span class='ocrx_word' id='word_1_704' title='bbox 1423 5486 1552 5542; x_wconf 88' lang='lat' dir='ltr'>Mentem</span> <span class='ocrx_word' id='word_1_705' title='bbox 1566 5486 1596 5544; x_wconf 81' lang='lat' dir='ltr'>S.</span> <span class='ocrx_word' id='word_1_706' title='bbox 1614 5484 1768 5543; x_wconf 85' lang='lat' dir='ltr'>Michaelis</span> <span class='ocrx_word' id='word_1_707' title='bbox 1790 5483 1821 5543; x_wconf 76' lang='lat' dir='ltr'>ia</span> 
     </span>
     <span class='ocr_line' id='line_1_61' title="bbox 117 5547 1510 5633; baseline 0.006 -27"><span class='ocrx_word' id='word_1_708' title='bbox 117 5547 186 5607; x_wconf 91' lang='lat' dir='ltr'>dom</span> <span class='ocrx_word' id='word_1_709' title='bbox 202 5552 299 5621; x_wconf 82' lang='lat' dir='ltr'>abbati</span> <span class='ocrx_word' id='word_1_710' title='bbox 315 5555 406 5612; x_wconf 88' lang='lat' dir='ltr'>lactas</span> <span class='ocrx_word' id='word_1_711' title='bbox 423 5561 565 5612; x_wconf 89' lang='lat' dir='ltr'>memorat</span> <span class='ocrx_word' id='word_1_712' title='bbox 580 5563 673 5630; x_wconf 88' lang='lat' dir='ltr'>poeta:</span> <span class='ocrx_word' id='word_1_713' title='bbox 687 5575 746 5614; x_wconf 89' lang='lat' dir='ltr'>una</span> <span class='ocrx_word' id='word_1_714' title='bbox 761 5560 942 5632; x_wconf 88' lang='lat' dir='ltr'>septimodis</span> <span class='ocrx_word' id='word_1_715' title='bbox 996 5557 1129 5633; x_wconf 79' lang='lat' dir='ltr'>Epistola</span> <span class='ocrx_word' id='word_1_716' title='bbox 1140 5557 1259 5632; x_wconf 83' lang='lat' dir='ltr'>prefixa</span> <span class='ocrx_word' id='word_1_717' title='bbox 1272 5557 1344 5614; x_wconf 80' lang='lat' dir='ltr'>Vite</span> <span class='ocrx_word' id='word_1_718' title='bbox 1360 5559 1388 5615; x_wconf 89' lang='lat' dir='ltr'>S.</span> <span class='ocrx_word' id='word_1_719' title='bbox 1407 5557 1510 5614; x_wconf 87' lang='lat' dir='ltr'>Mauri.</span> 
     </span>
    </p>
   </div>
   <div class='ocr_carea' id='block_1_7' title="bbox 0 0 1958 6082">
    <p class='ocr_par' dir='ltr' id='par_1_7' title="bbox 0 0 1958 6082">
     <span class='ocr_line' id='line_1_62' title="bbox 0 0 1958 6082; baseline 0 2"><span class='ocrx_word' id='word_1_720' title='bbox 0 0 1958 6082; x_wconf 95' lang='lat' dir='ltr'> </span> 
     </span>
    </p>
   </div>
  </div>
 </body>
</html>
