3908 6082
130 351 191 413 685
778 363 828 425 DE
850 363 941 425 Vl‘l'h
963 365 1185 430 DDRGthtll.
1771 381 1831 444 686

129 484 222 541 currit
234 487 283 558 qui
301 488 398 561 arguit
412 490 595 560 criminosos,
609 493 686 549 idem
698 494 777 551 tilius
787 496 900 552 Satanae
911 513 954 552 ar·
966 500 995 567 Α
1011 499 1066 556 hoc
1082 501 1190 558 scelere
1205 505 1367 561 immunem
1382 507 1524 580 exhibeat,
1535 510 1584 583 qui
1595 511 1704 585 ligandi
1715 513 1831 570 solvan-

129 575 189 631 mis
204 574 363 649 impietatis
374 584 517 648 armatus,
527 586 684 655 postquam
695 599 763 639 eum
780 584 890 640 fessum
906 602 956 642 se·
1009 588 1098 664 dique
1113 596 1255 664 potestate
1269 596 1547 668 suseepta,diversis
1557 601 1726 658 morborum
1741 619 1832 677 gene·
1888 660 1892 667 ,

128 666 265 736 peratum
286 665 548 735 credidit‚irruens
565 669 594 725 in
612 688 679 726 eum
700 672 816 728 mortali
836 673 956 730 vulnere
1010 678 1092 736 ribus
1115 681 1252 738 subvenit
1276 686 1406 757 eorporis
1437 687 1553 744 umbra.
1578 690 1720 763 Egressus
1742 692 1834 767 igitur

128 753 368 824 attentavitNapn
378 755 495 812 cultello
507 756 591 815 illum
603 760 723 818 rabidus
734 760 854 829 feriitet
863 763 956 835 patris
1010 767 1171 843 Daguinus,
1188 789 1222 828 ex
1246 777 1390 847 praeeepto
1412 775 1488 832 beati
1512 776 1566 833 viri
1592 777 1714 836 Romam
1738 780 1833 854 petiit,
1878 761 1881 766 ¹

128 842 273 915 sanguine
288 860 395 900 manus
409 847 543 918 proprias
556 849 714 920 impudens
730 850 808 907 fitius
823 850 955 908 macula·
1009 859 1087 915 unde
1102 864 1203 932 postea
1219 879 1276 918 non
1292 867 1337 919 est
1351 880 1495 922 reversus.

127 930 181 986 vit.
197 932 352 1006 hrreptum
367 950 434 990 vere
444 935 596 1009 Daguinua
612 955 669 1010 quo
686 944 822 996 sanctum
838 957 956 1013 percus·

1036 964 1159 1023 Moritur.
1176 967 1209 1022 in
1222 969 1363 1025 ecetesiam
1375 972 1551 1042 transfertur.
1565 971 1660 1028 Oleum
1673 989 1688 1029 a
1703 975 1808 1031 tumulo

129 1023 209 1076 serat
223 1021 342 1090 terram,
357 1027 455 1079 reatus
470 1025 515 1081 sui
527 1027 662 1083 conscius
679 1028 708 1083 in
724 1027 878 1102 piscinam,
890 1047 954 1103 qum
1368 1049 1472 1098 manat.

128 1108 207 1165 intra
217 1109 346 1167 claustra
356 1115 526 1169 monasterii
539 1120 609 1171 tune
625 1117 764 1190 temporis
780 1118 953 1188 habebatur,
1043 1128 1089 1182 21.
1100 1128 1206 1184 Beatus
1216 1145 1282 1184 voro
1296 1129 1469 1186 Barcharius
1479 1130 1646 1189 diutissime
1656 1149 1764 1206 angore
1774 1132 1833 1189 vul·

129 1199 377 1272 quamcitissime
399 1203 495 1273 potuit
518 1203 597 1259 velut
616 1204 821 1263 occultandum
838 1207 953 1279 dejecit·
1009 1215 1087 1272 neris
1098 1217 1261 1286 morbidus,
1272 1219 1390 1274 tandem
1401 1236 1488 1274 earne
1499 1218 1831 1292 solutae,cmlestisvita

126 1286 251 1344 Videres
267 1293 337 1344 tune
356 1289 472 1348 laticem
487 1292 566 1349 velut
589 1295 663 1350 tanti
679 1294 797 1351 sceleris
821 1297 955 1371 cognito-
1008 1306 1831 1384 gaudiaersultantispiritufelixpetivit.hdtantiquoque

127 1392 202 1443 16111,
213 1376 323 1433 sertum
340 1379 369 1434 in
384 1397 416 1436 se
427 1385 574 1454 receptare
589 1399 787 1456 expavescere.
799 1385 873 1440 Nem
888 1402 956 1442 mex
1008 1393 1062 1449 viri
1078 1394 1191 1453 abitum
1206 1395 1278 1452 viris
1292 1396 1487 1469 undecunque
1503 1395 1648 1471 religiosis
1663 1398 1833 1456 confluenti·

127 1470 161 1521 ut
176 1458 404 1540 aquam'tetigit,
416 1468 496 1525 velut
519 1469 673 1528 levissime
698 1472 799 1546 pluma
822 1475 953 1531 materiei
1009 1483 1075 1553 bus,
1087 1483 1219 1558 sepultus
1229 1488 1274 1540 ost
1289 1485 1417 1558 quadam
1433 1484 1495 1542 loeo
1510 1489 1591 1543 extra
1604 1487 1769 1544 emnobium
1780 1487 1829 1562 [al.

127 1571 218 1627 supet
231 1572 324 1629 aquas
340 1557 517 1615 mirabiliter
529 1560 655 1631 natavit;
673 1562 735 1635 ipso
750 1568 848 1620 tutem
863 1564 954 1621 h⁰1ssi·
1009 1572 1186 1648 eeclesiaml,
1202 1574 1304 1631 multis
1320 1573 1392 1631 inibi
1408 1574 1466 1631 Deo
1480 1574 1606 1632 donante
1621 1575 1830 1636 miraculorum

126 1644 194 1701 aida
217 1661 319 1702 amens
346 1647 450 1717 laetus,
474 1649 627 1727 ecelesiam
650 1652 743 1724 petiit,
766 1653 953 1726 cruentisque
1008 1662 1121 1735 pollens
1136 1663 1298 1720 affectibus.
1316 1663 1372 1720 Sed
1388 1680 1455 1720 cum
1467 1665 1530 1737 Jam
1547 1664 1690 1723 Dominus
1705 1666 1829 1725 ulterius

126 1734 266 1790 munibus
282 1734 400 1809 siguum
419 1737 537 1808 pulsare
553 1740 650 1812 erepit,
1007 1757 1143 1809 sanctum
1159 1770 1247 1810 suum
1262 1752 1408 1810 occultare
1423 1752 1522 1822 nollet,
1537 1771 1570 1810 ex
1586 1753 1705 1828 prelato
1720 1755 1830 1813 cultelli

325 1844 484 1901 Percussori
495 1848 602 1901 veniant
618 1847 750 1919 inculpat.
964 1840 989 1907 B
1004 1841 1146 1899 miraculo
1161 1843 1331 1915 caterisque
1341 1842 1377 1898 ad
1392 1842 1542 1899 tumulum
1557 1844 1651 1900 saneti
1666 1844 1721 1899 viri
1733 1849 1831 1902 osten

161 1932 207 1986 20.
225 1932 340 1988 Fratres
351 1949 417 1990 vere
429 1939 461 1989 ut
474 1934 632 1991 audierunt
647 1936 765 2009 signum
780 1937 953 1996 inconsueta
1007 1933 1058 2000 sis,
1076 1932 1167 1988 seruis
1189 1931 1240 1987 Dei
1255 1932 1351 1988 visum
1368 1936 1413 1987 ost
1431 1931 1500 1986 inde
1515 1948 1621 2005 corpus
1636 1933 1714 1989 beati
1737 1934 1830 2007 patris

125 2020 209 2088 hora,
222 2037 289 2076 cum
302 2037 409 2093 magna
424 2023 618 2080 admiratione
638 2029 804 2098 surgentes,
817 2031 846 2081 et
864 2044 952 2083 sane·
1007 2021 1126 2078 deherre
1136 2019 1299 2088 transferri,
1308 2036 1341 2076 ac
1354 2019 1394 2074 illi
1407 2020 1475 2075 inde
1485 2019 1661 2077 translatum
1671 2021 1831 2079 tumulave-

126 2113 190 2165 tum
205 2109 300 2164 virum
317 2110 502 2166 interiectum
519 2113 682 2180 audiculae,
695 2115 730 2169 ad
748 2114 856 2171 lectum
871 2115 951 2172 illius
1007 2115 1084 2167 runt!
1091 2115 1167 2166 retro
1183 2108 1274 2166 &little
1288 2109 1318 2165 in
1334 2108 1457 2164 basili&
1472 2109 1523 2164 SS·
1540 2108 1738 2181 ⁰D⁰⁸l⁰¹⁰ffl¹¹¹
1755 2110 1830 2167 Pflll'i

124 2203 320 2254 cucurrerunt
332 2216 339 2254 :
351 2200 403 2256 sed
424 2198 519 2255 adhue
540 2202 685 2259 anxietate
705 2207 858 2260 nutantem
876 2205 906 2260 in
917 2221 950 2261 eo
1005 2205 1034 2257 et
1044 2199 1136 2268 Pauli,
1149 2216 1237 2271 quam
1253 2198 1315 2272 ipse
1329 2198 1428 2253 vivens
1443 2197 1644 2267 edificaverat,
1662 2198 1713 2255 ubi
1729 2201 1831 2276 salira·

124 2287 264 2360 spiritum
275 2293 458 2360 repererunt.
468 2288 718 2362 comprehensum
729 2291 818 2365 igitur
827 2294 950 2366 pradia·
1005 2287 1144 2362 gentibus
1158 2290 1222 2360 ejus
1235 2287 1348 2343 meritis
1364 2286 1457 2342 multa
1467 2286 1639 2343 tribuuntur
1649 2288 1726 2345 dona
1739 2305 1829 2363 popu·

123 2379 188 2431 tum
200 2375 367 2448 Daguinum
380 2376 485 2433 iratres
500 2383 602 2434 saneto
613 2379 673 2434 vire
684 2379 863 2450 obtulerunt,
875 2382 950 2438 seire
1005 2377 1052 2433 lis.
1068 2378 1109 2433 lix
1123 2378 1210 2450 eujus
1232 2374 1368 2449 sepulcre
1386 2375 1473 2447 lengo
1497 2379 1564 2448 post
1578 2381 1709 2449 tempore
1733 2376 1830 2434 eleum

123 2464 276 2537 cupientes
298 2463 368 2538 quid
383 2465 419 2521 de
434 2466 563 2522 admisso
579 2470 661 2523 tauto
682 2468 791 2525 scelere
810 2471 950 2528 severitas
1004 2465 1194 2540 pullulansin
1205 2482 1256 2522 xus
1267 2465 1302 2521 ad
1314 2465 1369 2521 hoc
1379 2464 1622 2535 paratumvisum
1634 2470 1679 2521 est
1689 2466 1831 2522 delluxis-

123 2551 520 2626 clementiaeejusjudicaret.
528 2554 659 2628 Denique
670 2564 790 2613 sanctus
799 2563 881 2630 pater
890 2577 950 2616 ver·
1004 2572 1046 2625 ae,
1063 2555 1177 2611 eunctis
1192 2554 1294 2611 morbo
1305 2552 1435 2608 obsessis
1451 2553 1577 2608 nimium
1593 2552 1721 2610 salubre.
1735 2555 1830 2627 llujus

123 2641 229 2698 berum
239 2641 356 2698 Domini
372 2659 429 2698 nen
441 2643 606 2713 immemor,
619 2644 814 2718 quibuapatn'
825 2665 951 2720 proper·
1004 2646 1106 2719 igitur,
1116 2644 1186 2717 quia
1196 2647 1383 2716 peecatorum
1394 2641 1522 2714 pondere
1542 2642 1696 2714 pregavati
1711 2660 1830 2699 summa

124 2730 309 2788 secutoribus
319 2729 504 2804 supplicavit,
521 2732 622 2789 dicens
635 2749 642 2789 :
654 2735 745 2803 Pater,
762 2736 947 2807 transmittis,
1003 2752 1125 2808 operum
1140 2731 1257 2805 assequi
1273 2729 1399 2804 propriis
1413 2729 1526 2785 viribus
1543 2746 1729 2829 nequaquam
1753 2748 1829 2830 prae-

123 2821 190 2893 quia
203 2822 329 2875 nesciunt
353 2818 419 2892 quid
441 2821 558 2891 sariunt,
575 2820 735 2878 elementer
758 2823 872 2880 remisit
893 2824 947 2897 illi,
1003 2824 1160 2892 sumimus,
1173 2823 1238 2894 ejus
1253 2821 1305 2893 qui
1327 2819 1425 2875 dixit:
1443 2819 1512 2876 Sine
1537 2835 1583 2874 me
1608 2817 1681 2875 nihil
1706 2823 1828 2920 potestis

124 2925 213 2981 quam
228 2908 258 2964 in
280 2925 312 2965 se
326 2914 494 2965 exercuerat
518 2908 647 2981 eulpam.
663 2910 756 2967 Deum
771 2912 835 2981 tibi,
848 2913 947 2984 trater,
1003 2916 1106 2981 facere,
1119 2910 1310 2985 imploremus
1330 2907 1472 2965 auxilium
1493 2907 1605 2980 gratia,
1616 2910 1762 3008 quatenus
1777 2925 1827 3010 qua

123 2997 270 3071 inquiens,
287 2996 527 3070 poenitentialiter
541 2997 716 3070 placabilem
732 3000 794 3056 fieri
810 3002 945 3059 studete:
1002 3003 1106 3061 merite
1136 3005 1322 3073 peccatorum
1347 2996 1551 3070 deprimimur,
1567 2996 1686 3053 dextera
1709 3001 1827 3053 virtutis

122 3103 191 3144 uam
201 3091 347 3158 quantum
360 3087 396 3143 ad
408 3103 455 3142 ma
466 3085 568 3142 attinet
579 3088 659 3142 omni
671 3092 699 3144 te
711 3087 835 3145 liberum
847 3089 948 3164 impie-
1001 3111 1061 3151 sua
1077 3090 1272 3157 sublevemur,
1290 3087 1340 3160 qui
1364 3102 1432 3143 eum
1455 3085 1539 3141 Patre
1554 3088 1583 3140 et
1598 3084 1709 3158 Spiritu
1725 3088 1827 3141 sancte

122 3180 181 3232 tate
202 3175 329 3232 remitto.
347 3175 469 3231 [tomam
495 3191 573 3248 ergo,
591 3175 643 3247 fili,
660 3179 843 3252 progredere,
863 3186 894 3237 ut
919 3170 983 3238 teC
1002 3179 1261 3256 vivitetgleriatur
1275 3178 1352 3234 Deus
1363 3174 1393 3231 in
1405 3172 1511 3231 sucula
1526 3172 1710 3230 serculorum.
1722 3176 1825 3230 Amen.
1850 3257 1853 3262 .

859 3388 1095 3458 APPENDIX

252 3543 303 3603 Ea
320 3561 374 3603 ms.
392 3541 457 3604 rod.
474 3543 619 3605 Dercenni
630 3563 686 3625 per
699 3545 738 3607 It.
755 3546 795 3608 P.
811 3547 841 3608 F
840 3548 990 3622 elidentem
1010 3549 1182 3630 Boulanqer
1197 3564 1335 3627 congreg.
1353 3543 1390 3605 S.
1414 3541 1513 3603 Vitani
1524 3519 1700 3603 monachum

758 3643 950 3710 Beneda'etum
964 3648 1192 3711 communicate.

444 3819 506 3876 Dies
527 3819 627 3876 obitus.
1204 3819 1401 3878 translationis
1416 3816 1474 3873 dies
1488 3822 1514 3871 et
1526 3812 1632 3871 nudus

155 3911 202 3964 22.
212 3908 317 3964 Beatus
327 3907 501 3964 Barcharius
510 3908 661 3964 durissimi
672 3907 813 3983 languere
821 3912 950 3970 vulneris
1038 3915 1083 3969 23.
1094 3913 1150 3970 Sed
1161 3910 1297 3982 cumjam
1307 3906 1451 3964 Dominus
1460 3902 1584 3961 ulterius
1594 3905 1731 4000 sanetum
1741 3914 1829 3954 suum

121 3996 364 4064 morbidus,lieet
375 3995 495 4053 trahens
505 3995 592 4069 leuga
603 3999 732 4071 suspiria
741 3999 788 4054 vix
799 4000 951 4075 proloque-
1004 4001 1150 4060 occultare
1166 3997 1266 4066 nollet,
1279 4014 1313 4055 ex
1328 3995 1448 4068 prelato
1463 3990 1573 4049 cultelli
1590 3988 1830 4090 miraeule'cntej

121 4089 215 4151 ratur,
229 4083 306 4141 leaeo
322 4083 453 4141 anhelitu
470 4089 567 4140 tamen
588 4085 746 4143 Dominiea
762 4089 907 4159 passionis
922 4094 951 4148 et
1005 4093 1103 4164 risque
1119 4091 1155 4147 ad
1171 4086 1320 4145 tumulum
1337 4084 1430 4143 saneti
1446 4081 1499 4139 viri
1523 4085 1764 4149 estensis,scru1s
1779 4076 1831 4175 Der
1922 4161 1924 4168 ,

121 4172 346 4230 resurrectionis
376 4172 530 4242 solemnia,
556 4191 615 4229 sue
645 4176 733 4231 etiam
758 4178 950 4250 depositienis
1003 4181 1153 4238 visumest
1164 4177 1231 4233 inde
1242 4191 1348 4248 eorpus
1359 4172 1437 4230 beati
1449 4170 1541 4246 patris
1551 4170 1656 4227 debere
1667 4166 1830 4265 transferri,

121 4262 299 4334 obsequium
310 4279 343 4319 ae
354 4261 451 4318 lecum
462 4262 619 4334 sepultura
635 4263 786 4323 humiliter
798 4268 949 4340 ordinans,
1005 4270 1111 4326 Habita
1128 4267 1227 4341 itaque
1243 4264 1479 4322 collationatum
1503 4254 1766 4358 plurimetcollegre
1782 4270 1832 4309 sa-

122 4350 280 4423 discipulis
304 4349 399 4406 multa
423 4354 546 4407 uentura
568 4352 711 4424 predixit,
729 4354 884 4412 indicendo
908 4358 951 4415 cis
1004 4359 1156 4418 cardetum
1172 4357 1208 4414 eb
1231 4355 1286 4411 hoc
1306 4353 1336 4409 in
1352 4368 1444 4409 unum
1461 4348 1708 4443 convenientium,
1730 4342 1832 4399 decre-

122 4439 356 4497 selliaitudinem
371 4440 462 4496 divini
476 4440 592 4496 timoris
606 4457 640 4497 ae
655 4442 870 4501 observantiam
886 4463 951 4503 san·
1005 4453 1068 4505 tum
1085 4446 1114 4501 id
1130 4444 1193 4501 lieri
1208 4448 1289 4500 sexte
1304 4441 1418 4498 decimo
1434 4437 1579 4533 Kalendas
1594 4435 1702 4491 Marta.
1714 4427 1832 4530 Nullam
1851 4491 1856 4501 ,

121 4535 176 4586 eta
192 4527 353 4600 religionis.
367 4529 499 4585 'landem
523 4528 719 4601 triumphanti
743 4532 867 4591 Domino
882 4552 950 4592 eum
1004 4521 1834 4620 tamencapcssuntaudaciamtungendrglebamsanetrs·

121 4616 222 4691 palma
235 4617 362 4672 victoria
377 4635 565 4686 occursurus,
583 4635 669 4674 mane
689 4619 842 4678 Dominica
857 4623 951 4695 ipsius
1005 4626 1072 4682 simi
1093 4622 1238 4695 corporis;
1255 4635 1350 4692 neque
1375 4614 1517 4688 fatigandi
1541 4610 1630 4683 longa
1652 4606 1833 4706 baqulatrene

121 4710 315 4762 sacrosancta
325 4705 472 4762 abinleris
482 4707 950 4781 ltesurrectieniscarneselutuS,
965 4683 989 4747 D
1006 4713 1112 4785 lapidei
1128 4728 1186 4784 quo
1202 4710 1356 4783 tegebatur
1369 4701 1556 4775 sarcophagi,
1567 4699 1618 4756 sed
1633 4695 1834 4798 humillimam

121 4794 250 4851 eoelestis
264 4795 328 4850 vite
344 4795 452 4867 gaudia
476 4795 635 4851 exsultanti
658 4798 765 4869 spiritu
790 4799 858 4856 lelix
880 4801 953 4874 peti·
1006 4820 1096 4876 quam
1120 4804 1288 4873 potuerunt,
1304 4796 1467 4852 deliberant
1490 4783 1836 4888 transferendulaerhta-

120 4883 165 4939 vit
174 4883 287 4955 (39).Ad
299 4884 372 4939 tanti
384 4883 438 4939 viri
451 4900 567 4956 queque
588 4885 702 4940 ebitum
718 4886 789 4942 viris
799 4890 953 4946 undecim--
1006 4891 1157 4947 ternNam
1167 4885 1280 4944 decenti
1292 4883 1402 4938 fornice
1409 4882 1556 4954 perforata
1565 4873 1700 4934 orientali
1708 4888 1837 4929 maceria

121 4988 180 5046 que
191 4971 337 5045 religiosis
347 4972 575 5041 confluentibus,
584 4972 720 5045 sepultus
730 4979 775 5031 est
785 4982 817 5031 ut
822 4978 953 5048 jusserat
1007 4975 1239 5053 ipsiuseeelesier
1255 4990 1318 5045 qua
1341 4970 1475 5044 proximu
1498 4969 1563 5039 ejus
1588 4962 1747 5038 sepultura
1762 4963 1836 5028 erat,

120 5061 252 5134 quedam
267 5058 331 5118 loce
347 5067 430 5118 extra
445 5060 612 5131 eeclesiam,
629 5061 732 5118 multis
742 5063 813 5119 inibi
827 5069 884 5123 Deo
899 5069 952 5124 do·
1006 5068 1075 5124 inde
1089 5082 1123 5122 eo
1144 5063 1224 5120 aditu
1248 5060 1325 5116 inira
1348 5076 1417 5115 cum
1441 5055 1624 5156 sarcophaga
1635 5048 1837 5154 translatum,

123 5154 214 5207 nante
230 5149 442 5208 wimodiorum
453 5149 567 5224 pollens
581 5150 742 5207 effectibus·
1007 5155 1136 5214 secundo
1146 5149 1369 5209 tumulaverunt
1384 5152 1461 5204 retro
1482 5146 1617 5205 altarem
1634 5158 1698 5217 ipsa
1715 5136 1838 5196 basilica

158 5291 217 5366 (39)
232 5291 264 5347 ln
284 5293 386 5349 eodem
413 5309 469 5348 ms.
488 5292 548 5348 hae
575 5292 716 5366 leguntur
731 5309 738 5347 ε
753 5315 767 5344 a
789 5293 956 5354 Extremum
1010 5299 1064 5354 eet
1074 5294 1232 5352 incidebat.
1244 5291 1274 5346 S.
1287 5288 1461 5345 Bereharlus
1475 5278 1836 5405 inscribiturrnllddrtqad

121 5363 188 5419 un'tae
203 5363 281 5420 diem
297 5364 388 5420 obivit
404 5364 451 5419 hie
473 5365 505 5419 Β.
522 5364 553 5419 P.
571 5364 748 5421 Barchariue
765 5382 840 5422 anno
856 5367 892 5422 ab
909 5369 958 5424 ln·
1012 5369 1178 5425 Usuardum
1189 5359 1612 5443 xv11lluleud.·Novemb.,qu1
1628 5356 1692 5411 dias
1706 5359 1789 5408 trane
1802 5366 1838 5405 a-

121 5438 236 5492 carnat.
263 5435 379 5491 Domini
404 5437 468 5503 685,
486 5436 589 5492 indict.
608 5438 652 5497 13.
668 5441 771 5508 epacta
793 5454 876 5505 xr,v1
901 5440 958 5496 lla-
1013 5439 1102 5496 tionis
1117 5442 1162 5494 est
1183 5451 1217 5492 ex
1235 5432 1367 5514 dicendis
1382 5432 1459 5513 rutra
1476 5447 1557 5487 num.
1568 5433 1597 5485 7.
1608 5425 1715 5510 Gerrds
1726 5424 1756 5479 S.
1768 5422 1837 5503 ller-

122 5506 204 5563 land.
220 5507 338 5579 Aprilis,
355 5524 441 5563 mane
465 5524 549 5562 sacro
569 5507 727 5562 Domiuirm
755 5508 957 5568 Resurrectio·
1013 5509 1105 5567 eharii
1121 5510 1150 5564 in
1165 5503 1293 5587 Ecclesia
1308 5502 1462 5558 Dervensrs
1477 5504 1660 5586 monasterii,
1672 5497 1761 5625 caput
1775 5508 1839 5566 qut·

123 5578 183 5635 nis.
196 5600 211 5629 »
226 5578 281 5646 Qui
296 5578 482 5635 characteres
492 5578 691 5651 chronologici
703 5595 760 5635 nen
771 5581 957 5654 conveniunt,
1015 5584 1082 5639 dem
1098 5582 1128 5637 in
1145 5578 1253 5636 scrinio
1268 5578 1415 5653 argentee,
1432 5572 1546 5653 reliqua
1560 5588 1629 5634 esse
1644 5586 1675 5628 111
1691 5571 1703 5624 l
1725 5581 1776 5624 edd
1791 5580 1839 5626 tt·

131 5649 191 5713 uisi
204 5649 285 5732 legas
298 5667 340 5712 vu
357 5649 478 5710 Kalend.
489 5649 608 5730 Aprilis,
619 5650 651 5709 in
661 5666 749 5735 quem
764 5651 875 5714 Pascha
883 5670 961 5720 eune
1015 5655 1178 5717 servantur.
