3900 6090
107 308 116 315 —
145 272 225 333 loos
553 271 818 332 llllOTSUlTllAE
840 268 1028 331 MONIALIS
1052 256 1446 332 GANDEltSHEIMllNSlS
1782 270 1860 330 ross

145 406 255 463 fectum
270 421 341 461 meae
355 404 526 463 intentionis
547 403 727 460 consulendo
750 401 914 471 enucleare,
933 418 969 459 ne
983 403 1011 471 Α
1025 402 1071 458 tia
1085 402 1203 470 auxilio,
1218 421 1276 460 non
1292 403 1417 475 propriis
1432 402 1554 471 viribus,
1565 399 1860 474 confremhaduscar·

145 493 316 568 prohiberer
337 510 389 565 pro
414 492 585 549 rusticitate.
604 491 695 561 Unde,
712 491 787 547 clam
803 491 918 547 cunctis
942 495 971 548 et
1025 491 1245 564 minaopusculi
1257 491 1409 565 dactylicis
1419 489 1859 564 modulissucciuereeppocpi,

145 581 230 655 quasi
246 581 358 651 furtim,
366 597 444 637 nunc
454 579 483 635 in
496 579 707 652 componendis
715 579 777 637 sola
787 580 970 649 desudando,
1026 581 1212 637 necroditum
1221 580 1364 638 talentum
1376 579 1524 653 ingenioli.
1535 580 1591 638 sub
1600 580 1732 637 obscuro
1742 582 1861 653 torpeas

140 688 222 727 -nunc
238 669 313 726 male
328 669 493 743 composita
508 670 696 739 destruendo,
707 669 971 742 satagebamjuxta
1025 668 1150 739 pectoris
1174 669 1319 743 rubigine,
1329 668 1506 743 negligentia
1530 667 1796 736 exterminaretur,
1812 669 1859 725 scd

144 777 242 817 meum
253 758 426 832 posso,licct
441 758 562 814 minime
572 758 920 831 necessarium‚aliquom
931 764 971 814 ta·
1025 757 1139 813 nodulos
1156 757 1261 814 malleo
1276 758 1439 815 dovotionis
1454 775 1643 831 percussum,
1663 757 1859 831 aliquantulis

142 866 209 905 men
225 849 368 905 conficere
383 852 495 905 textum
512 865 545 904 ex
566 847 720 904 sententiis
739 848 970 920 seripturarum,
1025 846 1128 902 divinas
1144 847 1321 905 laudationis
1331 848 1451 904 referret
1461 847 1612 916 tinnitum,
1625 865 1697 920 quo,
1708 847 1736 903 si
1748 847 1859 904 occasio

142 955 216 1011 quas
230 938 308 993 intra
322 954 421 994 arcam
434 937 527 994 nostri
539 936 832 994 Gaudcrshoimensis
847 936 970 1010 eollege—
1025 954 1083 991 non
1099 937 1218 992 duretur
1232 935 1406 1010 negotiando
1418 937 1496 992 aliud
1514 935 1747 1008 luorari,ipsum
1764 940 1857 993 tamen

142 1043 206 1085 ram
221 1025 356 1084 coenobii.
373 1026 470 1082 Primo
484 1026 709 1098 sapientissima
724 1030 811 1099 atquc
826 1025 972 1099 benignis·
1025 1025 1054 1080 in
1062 1025 1179 1098 aliquod
1189 1024 1292 1082 saltem
1304 1031 1438 1082 extremae
1447 1025 1583 1083 utilitatis
1592 1026 1859 1082 transformaretur

142 1115 223 1174 simae
246 1114 413 1183 llilrlmrdis,
431 1115 590 1188 magistre,
608 1114 791 1187 aliarumque
813 1132 872 1170 suaa
899 1113 971 1171 vicis
1024 1113 1264 1171 instrumentum.
1290 1115 1567 1189 Undc,quicunque
1597 1113 1703 1183 lector,
1733 1114 1760 1170 si
1786 1118 1857 1172 recte

142 1204 304 1262 instruente
320 1203 611 1278 magisterio,dcinde
622 1221 714 1277 prona
724 1205 837 1261 favente
847 1203 973 1262 clemen.
1025 1204 1188 1260 secundum
1201 1203 1293 1260 Deum
1308 1205 1416 1277 sapias,
1424 1204 1520 1277 egenti
1531 1204 1657 1277 paginae,
1668 1221 1737 1277 ques
1750 1202 1856 1260 nullius

34 1326 37 1332 ·
141 1293 182 1351 tia
196 1293 281 1366 regiae
297 1292 405 1349 indolis
421 1292 677 1365 Gerbcrga,eujus
694 1310 773 1349 nuno
792 1293 904 1350 subdor
919 1293 969 1350 do·
1025 1293 1210 1366 praeceptoris
1222 1293 1356 1350 munitur
1371 1294 1649 1366 auetoritatc,opem
1666 1297 1726 1349 tusa
1743 1294 1857 1350 rectitn

140 1382 243 1450 minio,
255 1383 389 1449 abbatie,
400 1399 464 1456 quas
478 1386 561 1439 atate
577 1383 683 1451 minor,
700 1384 762 1451 sed,
780 1387 813 1438 ut
832 1381 970 1455 imperia·
1025 1383 1103 1439 dinis
1118 1399 1154 1439 ne
1169 1381 1318 1456 pigriteris
1334 1383 1484 1454 adhibere,
1500 1383 1558 1439 Deo
1578 1382 1767 1451 videlicet,si
1790 1382 1855 1456 quid

140 1470 197 1527 lem
223 1470 346 1528 docebat
370 1475 497 1544 neptem,
512 1471 637 1528 scicntia
659 1471 833 1544 provectior,
858 1471 971 1543 aliquot
1025 1471 1098 1526 forte
1117 1471 1256 1544 probetur
1282 1477 1359 1527 recte
1382 1471 1589 1544 compositum,
1606 1487 1746 1545 memque
1768 1470 1855 1546 negli-

140 1562 285 1631 ouetores,
302 1576 375 1632 quos
391 1559 457 1633 ipsa
472 1559 552 1632 prior
567 1578 585 1617 a
600 1559 830 1633 sapientissimis
855 1560 968 1630 didicit,
1024 1559 1128 1633 gentica
1154 1562 1200 1616 Π
1230 1560 1412 1635 designando
1435 1559 1600 1617 universale
1622 1559 1784 1626 vitiorum,
1808 1575 1854 1617 nec

140 1664 186 1705 me
198 1649 359 1705 admodum
374 1649 421 1722 pie
435 1649 570 1705 erudivit.
587 1649 726 1716 Quamvis
741 1647 831 1706 etiam
847 1649 971 1706 metrica
1024 1652 1123 1705 tamen
1139 1647 1342 1722 vituperando.
1355 1649 1405 1706 scd
1421 1648 1613 1722 indulgendo,
1630 1649 1704 1723 quia
1716 1650 1772 1723 jus
1788 1649 1855 1706 iren

138 1737 300 1795 modulatio
316 1738 448 1795 femineae
463 1737 613 1810 fragilitati
638 1736 768 1796 difficilis
791 1737 924 1795 videatur
939 1743 968 1796 et
983 1777 1007 1843 B
1024 1738 1102 1812 gitur
1117 1738 1331 1812 obJurgationis
1350 1739 1400 1796 ubi
1427 1739 1582 1797 intervenit
1604 1738 1770 1797 humilitas
1792 1755 1852 1798 eoa·

87 1815 92 1823 ²
139 1826 313 1897 ardua,sola
328 1830 426 1885 tamen
441 1843 558 1899 semper
573 1827 740 1885 miserentis
755 1844 889 1900 superna
903 1844 966 1901 gra·
1023 1827 1168 1886 fessionis.

511 2143 789 2209 ARGUMENTUM
812 2145 851 2207 ΙΝ
874 2145 1092 2208 HISTORIAM
1116 2146 1256 2208 BEA'l'AE
1277 2146 1460 2209 VlliGlNlS.

170 2437 293 2496 locatim
313 2445 338 2494 ct
361 2438 450 2506 Arina,
466 2438 499 2494 de
524 2440 608 2510 stirpe
631 2437 726 2507 David,
744 2454 806 2493 cum
827 2437 877 2494 diu
899 2437 1006 2495 steriles
1028 2440 1172 2507 eicerent,
1190 2441 1221 2495 in
1244 2439 1394 2513 templaque
1418 2437 1449 2497 ob
1472 2438 1646 2496 sterilitatem
1674 2438 1843 2512 repstdrctic

136 2509 320 2566 saca-dotibus
346 2509 473 2581 ficissmt,
490 2509 598 2565 undem
628 2510 715 2581 longis
745 2509 916 2565 orationibus
936 2517 963 2566 et
983 2511 1051 2566 cotis
1076 2511 1182 2583 protem
1209 2510 1344 2578 divinam,
1368 2512 1479 2567 nornine
1506 2509 1633 2579 iterium,
1656 2518 1842 2584 asismat

136 2597 249 2653 eamque
263 2582 381 2636 castitati
392 2588 419 2636 et
431 2588 534 2637 earne
558 2581 610 2636 Dei
631 2581 758 2654 obsequio
782 2582 813 2636 in
837 2582 934 2653 tempto
957 2580 1129 2639 damnarunt.
1145 2583 1198 2639 ttta
1221 2584 1330 2650 erratu,
1347 2583 1410 2639 lecta
1433 2591 1458 2638 ct
1480 2590 1618 2650 euristeus,
1633 2582 1742 2653 gradus
1757 2583 1844 2655 empti

136 2668 199 2707 cnm
212 2654 337 2709 omniurn
359 2651 543 2709 admiratione
562 2655 714 2724 superavit,
738 2653 860 2725 retiquae
878 2668 913 2708 ne
935 2653 1055 2724 uirgines
1078 2655 1220 2709 sanctitate
1242 2656 1305 2709 vite
1328 2654 1467 2711 caecitati.
1493 2654 1580 2722 Quom
1602 2653 1673 2709 dum
1696 2654 1844 2713 secerdotes

135 2723 299 2796 despondere
311 2725 417 2792 uetant,
432 2732 458 2781 ct
472 2725 558 2796 uirgis
583 2732 681 2781 tencre
702 2726 828 2796 projectis
850 2669 896 2780 dtr·
918 2726 1060 2797 conjugem
1084 2733 1221 2798 quamne,
1237 2733 1264 2781 ct
1282 2741 1341 2781 sors
1364 2741 1446 2798 snper
1463 2727 1570 2798 virgam
1583 2725 1683 2797 loseph
1698 2743 1737 2782 ac
1751 2741 1842 2798 amm

135 2795 426 2852 carternitanum
438 2812 504 2852 moe
513 2796 647 2863 columba,
664 2811 724 2852 sue
735 2797 821 2867 cirpce
837 2795 969 2863 insidens,
981 2796 1080 2851 celum
1099 2798 1188 2869 petiit,
1210 2797 1428 2853 collaudantibus
1451 2799 1556 2853 cunctis
1579 2796 1710 2854 diuinam
1734 2807 1839 2859 saun

134 2867 231 2940 ioseph
245 2869 321 2940 uirgo
344 2867 533 2940 despondetur,
557 2868 694 2940 pontoque
716 2874 776 2939 post
798 2867 911 2938 angelos
933 2867 988 2936 illi,
1013 2866 1111 2923 diuina
1133 2869 1297 2924 salutatione
1319 2871 1402 2940 sacta,
1417 2869 1512 2937 Deum,
1529 2870 1657 2924 omnium
1679 2877 1840 2939 meatem,

135 2939 340 2994 obumbratione
353 2940 442 2996 sancti
455 2940 574 3011 Spiritus
588 2955 699 2994 camera
712 2940 859 3010 suscipere,
876 2939 995 2994 nuntiat.
1013 2942 1095 3012 Qum,
1110 2940 1190 2995 verbo
1205 2941 1298 3011 angeli
1319 2940 1440 3011 credens,
1464 2939 1528 2995 dum
1554 2942 1584 2995 in
1608 2940 1774 2997 Bethlehem
1787 2958 1843 2998 ct·

133 3010 240 3082 loseph,
256 3012 376 3068 Caesaris
399 3012 514 3082 Augusti
534 3011 629 3078 edium,
645 3013 786 3082 migraret,
797 3011 901 3082 peperit
922 3009 1135 3082 primogenitum
1156 3027 1249 3079 suum,
1265 3011 1432 3068 Salvatorem
1453 3011 1561 3079 mundi,
1578 3012 1673 3068 iesum
1694 3013 1840 3081 Clart'stuas,

133 3084 211 3154 cujus
227 3082 436 3138 divinitatemct
447 3090 577 3153 pastores,
592 3089 618 3137 ct
631 3082 711 3152 tlepi,
727 3083 761 3138 ab
774 3081 883 3138 Oriente
897 3083 1044 3150 uenientes,
1059 3085 1149 3138 testati
1170 3089 1244 3138 sunt.
1262 3084 1330 3151 Qua
1352 3083 1428 3155 famo
1450 3100 1514 3140 cum
1537 3082 1573 3139 ad
1594 3083 1735 3143 Herodem
1758 3085 1842 3144 teuc

134 3154 241 3223 fnisset,
257 3168 349 3208 omncs
363 3154 424 3223 ejus
440 3155 510 3208 anni
524 3155 642 3224 insontes
657 3161 735 3209 nams
749 3153 836 3209 occidi
851 3155 947 3226 jussit,
962 3160 993 3208 ut
1014 3153 1150 3211 hermem
1165 3156 1243 3226 regni
1265 3154 1387 3211 tolieret.
1409 3155 1517 3228 loseph,
1532 3154 1567 3211 cb
1591 3155 1693 3240 angele
1712 3158 1841 3225 κακίω,

134 3239 198 3278 cum
210 3231 332 3280 matrect
343 3240 438 3295 puero,
455 3232 486 3280 nt
499 3225 571 3295 repis
586 3224 773 3279 crudelitatem
780 3226 902 3350 [speret
917 3225 949 3279 in
966 3226 1113 3297 AEpgptum
1126 3227 1266 3293 concessit,
1280 3241 1399 3354 rnquauc
1421 3227 1611 3300 AEgyptiorum
1633 3229 1793 3286 simulacra
1813 3231 1840 3286 is

136 3301 237 3350 emam
249 3311 338 3366 prona
350 3295 473 3351 cadentia
488 3295 630 3362 arctabant,
646 3295 779 3352 sacerdoti
797 3312 882 3368 usquc
895 3297 954 3352 snas
968 3313 1063 3355 omnm
1077 3298 1162 3353 ecum
1175 3305 1271 3354 natum
1282 3315 1347 3371 proc
1375 3298 1494 3355 arabant.
1510 3298 1542 3353 ln
1556 3300 1658 3356 itincre
1679 3308 1778 3358 anem
1787 3302 1839 3357 nai·

134 3367 229 3446 racuta
242 3368 325 3438 pueri
338 3365 371 3421 dc
384 3368 553 3438 serpentibus
567 3374 592 3422 et
602 3366 775 3436 draconibus,
787 3367 853 3422 dura
867 3369 898 3422 in
911 3384 993 3440 specu
1006 3376 1111 3425 noeman
1124 3368 1262 3439 clement,
1276 3378 1383 3438 narret,
1397 3373 1514 3443 iamque
1527 3370 1561 3427 de
1573 3371 1703 3428 leonibus
1713 3380 1742 3430 ct
1752 3371 1843 3446 putu

134 3444 200 3491 mate
214 3444 392 3493 ermensuetc
405 3454 434 3492 se
445 3454 530 3509 puero
545 3438 730 3509 offerentibus,
763 3439 918 3511 almamque
937 3456 1000 3495 eum
1021 3441 1115 3511 fructu
1129 3443 1292 3498 inclinatam
1314 3444 1411 3500 matris
1441 3444 1554 3514 premio,
1577 3445 1750 3518 souwtnquc,
1763 3444 1838 3519 poeti

135 3509 224 3565 ambis
239 3516 432 3581 crunrpcatem,
446 3509 511 3565 dnru
526 3511 556 3565 in
573 3511 669 3566 itinere
682 3512 730 3567 siti
774 3511 920 3579 borosscnt,
935 3520 1134 3568 commentores.
1466 3556 1469 3561 .

295 3813 343 3870 η
359 3807 411 3867 ΑΙ)
435 3805 687 3880 adnuntianti,
710 3806 959 3868 assedissem
980 3807 1020 3868 ΙΝ
1044 3807 1340 3884 GANDEltSllElM,
1365 3810 1533 3873 O'f'fONlS
1557 3809 1673 3872 Plllbss

753 3895 1020 3958 lttpdttatottts
1042 3898 1215 3959 Ndpddn.

133 4053 216 4113 Salve
231 4054 335 4127 regalis
352 4054 447 4127 proles
463 4054 626 4111 clarissima
642 4055 752 4128 stirpis.
973 4054 995 4122 C
1014 4054 1058 4127 at,
1075 4072 1143 4111 cum
1160 4057 1200 4114 sis
1216 4061 1293 4114 carte
1304 4057 1384 4115 vario
1399 4058 1510 4116 lassata
1523 4058 1635 4128 labore,

169 4143 300 4215 Gorbirg,
316 4142 439 4199 illustris
454 4144 586 4199 moribus
602 4148 630 4198 et
645 4141 760 4201 studiis.
1048 4143 1166 4201 Ludens
1181 4146 1302 4218 dignare
1316 4144 1370 4202 hos
1381 4163 1459 4202 nunc
1473 4147 1610 4204 modulos
1626 4147 1740 4222 legere.

131 4231 235 4304 Accipe
250 4230 407 4288 fronticula
422 4231 598 4287 dominatrix
612 4232 691 4287 alma
706 4248 816 4299 serena,
1012 4231 1092 4288 lianc
1106 4250 1222 4308 quoquc
1233 4235 1414 4292 sordidulam
1425 4241 1505 4293 tenta
1525 4252 1654 4310 purgare
1671 4238 1839 4308 Camenam,

168 4324 235 4388 Quae
250 4319 302 4376 tihi
318 4321 472 4393 purganda
486 4319 533 4375 hic
549 4322 651 4376 offerro
666 4319 839 4377 carminula.
1045 4323 1086 4387 Aa
1100 4321 1202 4379 fulcire
1217 4323 1260 4379 tui
1275 4323 1345 4380 floro
1360 4325 1533 4398 magisterii.

131 4411 202 4483 Ejus
217 4415 245 4466 et
260 4408 386 4466 incultos
402 4409 559 4481 dignanter
574 4409 667 4483 dirige
683 4408 805 4475 stichos,
1011 4413 1072 4477 Quo
1087 4409 1205 4469 laudem
1220 4412 1344 4470 dominae
1356 4413 1488 4471 studium
1500 4421 1658 4489 supportet
1668 4417 1809 4489 alumna,

166 4504 259 4570 Quam
275 4498 409 4556 doctrina
421 4502 472 4554 tua
487 4497 631 4555 construit
643 4498 770 4572 egregia.
1046 4499 1231 4574 Doctrieique
1246 4503 1300 4576 pie
1315 4503 1447 4561 carmina
1462 4502 1627 4578 discipules,

877 4659 1076 4673 ψ

411 4787 448 4847 ΙΝ
471 4786 689 4848 lllS'l'OltlAM
711 4785 1066 4851 inremuneratum
1089 4787 1310 4850 GIle'flthlS
1333 4788 1552 4851 PuAEFnrto.

130 4957 221 5015 Unica
231 4973 297 5029 spes
314 4956 429 5024 mundi,
447 4956 626 5012 dominatrix
641 4955 749 5029 inclyto
765 4957 839 5026 omli,
971 4961 1167 5032 olimpium,
1183 4957 1227 5013 vol
1243 4957 1415 5014 summatim
1431 4958 1576 5030 attingere
1591 4957 1701 5016 saltem

165 5049 272 5103 Sancta
287 5062 393 5118 parens
409 5044 506 5116 Regis,
523 5044 621 5100 lucida
635 5044 719 5102 stella
733 5046 833 5113 maris,
1047 5048 1157 5104 Laudis
1173 5046 1359 5120 particulam,
1375 5046 1473 5120 Virgo,
1490 5051 1546 5102 tue
1562 5047 1735 5115 minimam,

129 5139 197 5204 Qum
212 5134 329 5209 pariens
346 5134 456 5190 mundo
472 5135 642 5190 restaurasti
660 5134 707 5206 pia
723 5134 803 5207 virgo
1010 5138 1097 5195 Ortus
1114 5140 1201 5209 atque
1218 5136 1259 5192 tui
1276 5136 1438 5209 primordia
1452 5136 1531 5192 clara
1546 5136 1638 5207 beati,

163 5225 271 5292 Vitam,
286 5241 376 5296 quam
391 5222 472 5294 virgo
488 5222 653 5295 perdiderat
668 5222 775 5295 vetula,
1044 5227 1160 5284 Necnon
1178 5225 1304 5299 regalem
1319 5241 1448 5298 pangere
1462 5225 1646 5298 progeniem.

129 5315 172 5370 Tu
188 5313 309 5386 dignare
325 5318 381 5369 tuac
397 5310 513 5368 famula
529 5310 688 5368 clementer
701 5312 814 5384 adesse,
1008 5314 1067 5370 Hoc
1084 5319 1181 5371 tamen
1195 5330 1333 5388 agnosco,
1349 5313 1468 5387 fragiles
1483 5314 1726 5385 arremarenses,

164 5402 323 5458 Hrosvithm
339 5403 414 5458 votis
428 5400 658 5472 carminulisque
673 5399 765 5456 novis.
1044 5405 1194 5461 Laudibus
1210 5408 1242 5459 ut
1257 5406 1365 5460 tentem
1382 5408 1410 5460 te
1425 5404 1540 5460 meritis
1554 5419 1663 5462 canere

129 5492 196 5559 Quae
211 5489 264 5547 tibi
275 5490 406 5546 feminea
421 5490 519 5546 studio
535 5488 695 5545 famulante
703 5489 845 5563 Camere,
1007 5495 1099 5569 Bigne
1114 5513 1165 5567 pro
1180 5492 1293 5550 meritio
1308 5509 1398 5565 quam
1414 5498 1494 5551 totus
1509 5510 1569 5555 nou
1583 5495 1668 5553 canit
1680 5494 1774 5555 orbis.

164 5579 230 5638 iam
246 5578 369 5655 supplex
382 5580 509 5640 modulis
525 5578 643 5638 succino
658 5579 820 5658 dactylicis,
1042 5586 1168 5662 Quaque
1184 5600 1272 5661 super
1285 5582 1388 5645 leudes
1404 5582 1552 5662 angelicas
1564 5583 1689 5647 nnius.
