3908 6082
119 341 179 403 687
667 336 834 400 anseius
857 333 1073 396 DERVENSIS
1095 332 1272 393 taeniis.
1767 326 1825 388 688

118 479 287 533 sanctorum
310 472 508 546 apostolorum
525 471 600 529 Petri
615 476 643 526 ot
659 469 740 527 Pauli
766 485 855 543 quam
880 467 943 542 ipso
956 470 984 536 Α
1000 471 1087 523 nante
1098 464 1197 521 donini
1212 463 1479 534 adsonistamporc
1492 461 1547 517 boc
1559 460 1728 517 coenobium
1738 460 1824 533 ooepit

117 563 216 622 vivens
231 561 433 630 edificaverat,
446 561 497 617 ubi
512 559 744 634 suifragantibus
754 558 818 630 ejus
830 555 944 614 meritis
998 554 1173 629 germinare,
1190 558 1257 622 ote,
1274 559 1304 608 at
1319 553 1394 624 intro
1409 567 1485 607 nam.
1501 552 1545 606 15.

118 651 212 711 multa
227 651 399 709 tribuuntur
409 651 486 707 dona
500 648 626 724 populis.
639 648 759 717 Quando
776 648 833 705 Deo
850 645 945 720 dispo·

322 982 428 1111 ΒΕ
474 977 920 1113 MIRACULlS
966 975 1023 1108 S.
1072 972 1614 1106 WdLDllBllllTl

737 1222 864 1269 ABBATiS
885 1220 1080 1267 Luxoviatiffls
1101 1218 1204 1264 'l'lill'l’ll

910 1367 1031 1440 LIBER

626 1549 853 1642 Auctore
893 1537 1102 1640 Adeone
1130 1536 1315 1640 abbate

188 1739 281 1809 (Apud
299 1737 421 1808 llabill,
438 1739 500 1796 icta
516 1740 563 1794 SS.
581 1738 678 1794 beticii.
697 1738 767 1793 Sec.
784 1736 833 1802 111,
851 1753 879 1808 p.
895 1735 958 1802 451,
975 1751 1009 1790 ex
1023 1751 1076 1795 aas.
1091 1735 1148 1790 cod.
1167 1709 1331 1789 lemoviensi
1349 1739 1442 1788 erutas
1465 1749 1480 1787 o
1502 1733 1531 1787 lt.
1547 1733 1579 1785 Ρ.
1597 1731 1756 1789 Constantio

348 1814 351 1819 '
801 1806 944 1876 Graecitio,
962 1814 1020 1861 tam
1031 1807 1148 1878 priore.)

605 2069 1336 2205 oasuavxiiooasrnavira

159 2359 184 2411 1.
201 2355 334 2428 illogium
354 2356 448 2410 saneti
463 2355 641 2411 Waldoberti
663 2372 715 2412 seu
729 2355 871 2412 Walberti
895 2357 1010 2414 abbatis
1035 2355 1233 2423 Luxoiionsis,
1251 2358 1397 2426 quatenus
1420 2371 1453 2410 ex
1478 2353 1600 2408 vetustis
1626 2354 1820 2411 monumentis

124 2427 292 2484 concinnari
314 2426 421 2498 potuit,
445 2426 632 2483 exhibuimus
654 2428 683 2482 iri
709 2426 829 2484 Secula.
846 2427 950 2485 Postea
974 2428 1083 2484 librum
1107 2428 1143 2483 de
1167 2427 1231 2498 ejus
1254 2424 1405 2484 miraculis
1430 2425 1466 2480 ad
1491 2441 1537 2480 mo
1560 2425 1729 2481 transmisit
1746 2426 1778 2482 ii.
1793 2424 1819 2481 P.

121 2498 309 2555 Constantius
324 2497 495 2566 Crnirllius,
512 2503 575 2554 tum
593 2498 710 2555 Luxoi'ii
727 2498 834 2571 priore
854 2499 1062 2556 florentissima
1076 2497 1299 2570 congregatione
1319 2497 1348 2553 S.
1365 2496 1474 2565 l'itoni,
1491 2512 1557 2553 cum
1573 2494 1628 2551 hac
1643 2495 1748 2569 epigra
1766 2496 1819 2553 be:

122 2571 222 2642 Incipit
238 2570 296 2627 l'ito
311 2572 479 2626 satiatissiiiii
492 2586 525 2626 oc
538 2571 591 2628 beo
604 2572 784 2652 acceptissimi
805 2572 896 2627 Patris
923 2570 1060 2636 Walterti,
1077 2571 1237 2626 moriosterii
1261 2570 1439 2626 lusoviensis
1461 2569 1587 2635 obbatis,·
1608 2567 1732 2624 tametsi
1746 2515 1821 2625 dia·

122 2640 195 2709 lum,
212 2657 270 2698 nori
287 2642 323 2697 de
337 2641 406 2709 rita,
419 2642 469 2697 sod
484 2641 520 2697 de
536 2640 686 2698 miraculis
700 2641 785 2715 longe
801 2647 867 2714 post
879 2640 1060 2699 Weldeberti
1076 2641 1189 2696 obitum
1203 2640 1325 2713 patratis
1340 2639 1467 2696 scribere
1480 2638 1610 2695 instituit
1626 2641 1822 2709 neomaenia

121 2711 265 2780 videlicet,
277 2711 333 2768 alio
350 2713 468 2769 nomino
479 2713 577 2769 dictus
593 2712 782 2782 Hermiricus,
794 2713 844 2786 qui
859 2716 925 2785 post
940 2713 1069 2770 medium
1089 2711 1229 2768 seculum
1248 2728 1267 2767 x
1288 2711 1413 2767 Luxovio
1433 2711 1548 2783 prefuit
1565 2715 1632 2783 post
1652 2710 1821 2777 Aaloooiim.

122 2802 209 2859 quem
224 2784 346 2841 abbatem
360 2793 386 2841 et
400 2786 555 2857 episcopam
570 2783 697 2867 appellat
712 2800 719 2839 ι
736 2788 766 2842 et
779 2785 856 2841 hdso
870 2785 900 2840 io
921 2783 1041 2857 Prologo
1064 2800 1117 2840 suo
1141 2785 1285 2839 memorat
1308 2783 1434 2839 volumen
1457 2782 1490 2839 de
1512 2783 1593 2855 pestis
1617 2780 1647 2837 S.
1666 2782 1824 2842 tramant

121 2872 185 2929 que
200 2862 365 2929 temporum
382 2856 491 2927 injuria
505 2856 647 2912 excidisse
666 2855 810 2912 dolemus.
829 2855 859 2910 ln
884 2855 1037 2912 veterrimo
1062 2853 1235 2910 Kalendario
1259 2854 1436 2923 corbeiensi,
1453 2858 1521 2910 anto
1544 2869 1639 2909 annos
1663 2857 1825 2928 nongentas

122 2931 249 2997 exarato,
260 2927 338 2999 quod
354 2926 494 2982 mutilum
511 2931 539 2982 et
553 2927 755 2999 imporl'cotum
771 2927 874 2983 lsidori
890 2925 1071 2998 Hispalensis
1085 2925 1213 3051 episcofii
1229 2924 1312 2980 libris
1327 2925 1362 2981 de
1377 2942 1494 2982 summo
1509 2924 1585 2981 bono
1599 2930 1739 2982 assutum
1774 2942 1823 2983 rie-

123 2998 260 3081 mittitur,
273 2999 302 3078 β.
314 2996 495 3079 waldeberti
506 2997 648 3078 memoria
662 2997 836 3080 exprimitur
849 2997 896 3080 liis
909 2997 1022 3080 yerbis:
1034 2997 1167 3082 vitiosos
1206 2996 1284 3053 adias
1298 2997 1428 3070 depositio
1439 2998 1527 3053 sancti
1540 2995 1704 3054 Wotdeberti
1712 2943 1824 3067 obditis

124 3066 772 3220 θριῖῗοῧὲἃὲξιῗοοὶζῗὲηῑῖῗιιῐὲξξὲιιέῗίιίἰιῖξὲἃῖοέἓέ
783 3067 1211 3208 ἵξοὸἳοέἰιθῌιῗιεῖᾞὲἒέιῖιιᾱο,
1225 3145 1288 3195 tum
1304 3139 1334 3193 iii
1351 3137 1530 3205 prolatione,
1540 3141 1603 3195 tum
1619 3138 1649 3194 iii
1664 3140 1747 3198 Actia
1761 3156 1826 3197 san·

125 3212 240 3266 olorum
251 3208 423 3291 Columbani
437 3212 466 3264 ct
481 3209 608 3290 [lasieso
619 3209 771 3292 abbatum.
783 3211 912 3281 Tempus
926 3227 983 3284 quo
997 3210 1195 3293 Columhanus
1209 3210 1357 3292 Vosagum
1369 3208 1493 3266 incolere
1503 3210 1598 3282 coepit,
1609 3210 1727 3285 signavi
1742 3210 1826 3284 paulo

126 3285 193 3337 ante
209 3297 320 3335 annum
336 3283 605 3353 quingentesimum
622 3297 856 3354 nonageSimum.
873 3279 1009 3338 Calculus
1024 3287 1078 3337 iste
1100 3282 1267 3338 confirmari
1283 3282 1396 3338 videtui
1411 3298 1445 3337 ex
1460 3282 1587 3354 quadam
1602 3281 1827 3356 claustrisque

126 3352 250 3408 habetur
264 3350 294 3406 iii
310 3352 367 3407 tiae
381 3350 577 3423 dipositionis
590 3351 619 3406 S.
636 3351 790 3423 Augustini
806 3352 837 3407 in
852 3351 1005 3424 epistolam
1021 3353 1154 3419 ioannis,
1170 3353 1200 3406 iii
1216 3369 1318 3410 novem
1335 3352 1471 3409 homilias
1485 3352 1640 3420 distinctio,
1655 3355 1687 3409 iii
1702 3370 1825 3427 quarum

126 3422 239 3479 finesic
255 3421 405 3495 legiturin
448 3427 626 3477 erictustoa
648 3421 777 3494 ographo
792 3422 920 3479 ecclesie
943 3423 972 3480 S.
990 3423 1065 3479 l‘otri
1090 3424 1313 3493 Belloiaoensis,
1330 3423 1495 3479 uncialibus
1520 3423 1624 3480 litteris
1649 3425 1827 3498 descriptos

125 3494 253 3578 quodam
269 3491 412 3576 monacho
427 3439 601 3576 duxit-iriensi·
612 3510 617 3547 :
628 3439 806 3575 implicitum
817 3511 890 3576 opus
906 3495 1018 3552 laveiite
1034 3494 1156 3552 ltomirio
1170 3495 1425 3577 apudcianobinm
1442 3495 1616 3576 Lussonium
1628 3511 1708 3553 anno
1718 3496 1827 3553 duodo·

125 3582 200 3622 cimo
217 3580 293 3638 regis
303 3563 531 3632 chlothacharii,
542 3565 700 3621 indictione
716 3564 935 3634 tertiadecima,
947 3583 1024 3623 anno
1038 3566 1149 3623 lllsimo
1165 3566 1212 3622 Pis
1227 3567 1261 3621 Ni
1279 3565 1392 3622 felicius
1408 3572 1535 3639 peracto,
1547 3567 1574 3621 id
1591 3570 1637 3623 est
1648 3571 1694 3635 (ut
1709 3567 1827 3641 quidem

124 3636 308 3718 interpretor)
322 3652 395 3718 onae
409 3635 614 3761 ascodropesimo
628 3637 720 3718 Patris
735 3638 832 3717 stactei,
848 3637 1020 3695 Columbani
1036 3639 1189 3695 videlicet:
1207 3638 1256 3711 qui
1294 3637 1394 3693 roinde
1410 3655 1486 3694 anno
1524 3637 1741 3709 uingentesimo
1755 3644 1829 3698 octo·

125 3708 236 3780 gesimo
253 3714 356 3780 quinto
372 3725 401 3761 iii
434 3707 565 3779 ’osagum
581 3708 733 3764 advenisse
748 3709 890 3765 dicendus
905 3715 960 3776 est,
977 3710 1123 3781 siquidem
1147 3726 1237 3765 antias
1277 3709 1432 3765 aedecimiti
1453 3654 1586 3765 craderii·
1604 3711 1677 3793 repis
1703 3710 1734 3766 in
1758 3711 1826 3768 Bur·

124 3779 236 3853 gandia
254 3778 415 3851 regnantis.
430 3786 456 3834 ct
478 3778 579 3834 indicio
604 3780 637 3834 13
661 3779 837 3835 conveniunt
851 3779 880 3835 iii
896 3796 1007 3836 annum
1023 3781 1130 3837 Christi
1145 3781 1208 3836 625.
1226 3782 1288 3846 Qua
1300 3779 1328 3834 in
1346 3780 1491 3853 scriptura
1514 3780 1585 3836 illud
1609 3785 1701 3838 otiam
1725 3783 1828 3839 obser·

122 3850 376 3977 vationetdignum
392 3850 445 3918 est,
462 3850 650 3907 indictionem
666 3856 837 3922 usurpatam
853 3849 1010 3923 aliquando
1024 3853 1114 3910 luisse
1138 3851 1167 3907 iii
1183 3850 1294 3907 calculo
1310 3850 1468 3919 Gallicano,
1486 3851 1722 3926 hloioiiogorum
1738 3853 1828 3928 stirpe

125 3937 274 3996 regnans.

746 4167 971 4285 'raoioaos
997 4209 1205 4284 xocroais

166 4463 392 4521 Luxoviensium
403 4465 616 4522 cenobitarum
627 4466 954 4541 sacrcconcioniho)...
973 4471 994 4537 l]
1010 4467 1180 4525 Eustasinm
1204 4465 1339 4522 iidohcei
1367 4471 1453 4540 atque
1482 4466 1720 4536 waldebertum,
1745 4468 1832 4525 etiam

130 4554 180 4627 qui
196 4559 223 4610 ot
239 4554 432 4621 llaaiiiaicus,
444 4554 562 4610 nomine
579 4554 680 4620 abbas,
692 4572 749 4610 non
761 4557 956 4614 moritovaca·
1011 4564 1110 4614 nostra
1125 4560 1208 4612 atate
1227 4559 1310 4628 gesta
1334 4571 1398 4611 esso
1423 4557 1521 4612 divine
1544 4555 1639 4629 gratio
1658 4562 1831 4623 noscantur,

127 4648 186 4712 tus,
203 4648 373 4716 perpetuam
390 4644 420 4698 iii
436 4643 552 4700 Christo
568 4642 683 4700 ltomiai
700 4643 836 4700 salutem.
1008 4646 1083 4720 stylo
1094 4644 1343 4701 commendarem.
1355 4645 1429 4701 Nam
1442 4646 1517 4701 inter
1527 4645 1577 4700 illa
1587 4661 1651 4718 qua
1662 4646 1728 4718 J'am
1743 4650 1832 4702 trans·

163 4731 364 4788 Consideranti
391 4732 463 4788 mihi
481 4733 636 4804 aesopius
657 4749 706 4790 ore
730 4751 762 4789 ao
787 4740 884 4792 monte
908 4751 952 4791 re·
1008 4736 1113 4802 icrunt,
1141 4739 1227 4790 otoo
1251 4750 1315 4805 quio
1343 4739 1466 4791 ventura
1494 4739 1660 4807 sperantur,
1681 4732 1830 4806 probanda

124 4820 261 4888 volventi,
274 4821 344 4894 qnid
358 4821 495 4877 utilitatis
506 4827 533 4878 et
544 4823 690 4878 caniniodi
708 4821 769 4879 loco
780 4823 952 4896 conferrem,
1008 4822 1143 4896 caliginis
1153 4821 1235 4894 quasi
1245 4821 1372 4894 quodam
1384 4821 1490 4879 nebulo
1500 4821 1695 4895 interpolante
1704 4822 1831 4879 humans

98 4928 101 4933 ’
126 4911 156 4965 iii
173 4926 230 4982 quo
241 4910 441 4982 aparentibus
455 4911 582 4967 traditus
594 4911 724 4983 primani
741 4912 866 4968 tirocinii
873 4914 954 4986 juve
1008 4911 1186 4985 perspicacia
1196 4910 1320 4966 liberam
1332 4911 1440 4967 notities
1451 4929 1509 4968 aori
1520 4915 1616 4985 potest
1625 4911 1735 4968 habere
1746 4908 1830 4967 laeid-

126 4999 198 5056 uilia
221 5000 388 5055 rudimenta
413 4999 491 5056 inter
514 5002 606 5057 dubia
631 5001 826 5075 Pythagoricae
851 5001 953 5060 littorio
1008 5005 1111 5069 tatem,
1127 4999 1183 5055 nisi
1208 5000 1335 5056 exterius
1352 5000 1486 5057 litteralis
1508 5001 1660 5056 industrie¹
1675 5001 1830 5059 traditione

125 5088 258 5144 bicornia
272 5088 419 5162 peregisse
443 5091 647 5159 memineram,
667 5090 738 5146 illud
764 5092 952 5164 potissimum
1004 5090 1133 5161 juvetur,
1150 5105 1202 5162 per
1217 5106 1305 5161 quom
1321 5105 1356 5145 ea
1370 5106 1433 5162 qaas
1459 5107 1562 5147 cursus
1586 5090 1718 5147 anterior
1731 5091 1828 5148 absor-

97 5193 99 5197 ’
126 5177 262 5247 occurrit,
280 5182 312 5234 ut
327 5178 362 5233 ad
380 5179 574 5249 reparandam
592 5180 813 5236 succedentium
829 5180 952 5239 solertia
1008 5177 1081 5246 buit,
1096 5195 1154 5251 prio
1170 5178 1264 5235 oculis
1279 5178 1414 5248 adducta,
1427 5178 1512 5250 quasi
1527 5179 1684 5251 presentia
1695 5190 1829 5236 conseati-

125 5266 339 5338 prateritarum
349 5283 447 5323 reruni
459 5268 751 5341 nicmoriam,caquae
761 5270 952 5344 peregregios
1007 5267 1162 5340 tur.Ciijus
1177 5267 1217 5324 rei
1234 5267 1332 5324 studio
1351 5283 1405 5325 nos
1424 5271 1597 5341 provocante
1612 5285 1737 5326 manum
1751 5265 1828 5324 misi-

123 5353 231 5410 Christi
248 5354 363 5410 Domini
380 5355 563 5412 consessores
576 5361 778 5414 sexcentorum
792 5357 882 5414 terme
894 5374 952 5415 mo·
1008 5376 1086 5428 mus,
1098 5362 1132 5414 iit
1146 5375 1180 5414 aa
1196 5374 1259 5431 qua
1276 5357 1312 5414 ad
1327 5357 1467 5416 honorem
1479 5357 1582 5415 divinoe
1601 5360 1768 5432 miijestatis
1779 5372 1829 5433 ga·

125 5441 287 5498 nechoram
298 5443 524 5500 Luxoiiensium
536 5443 705 5503 fundatores
716 5450 803 5519 atquo
815 5451 950 5516 rectores,
1008 5450 1124 5515 rantur,
1136 5450 1282 5519 quatenus
1298 5451 1399 5503 nostra
1409 5448 1531 5505 scientia
1546 5446 1716 5522 contingere
1725 5446 1825 5522 potait,

108 5594 111 5599 ,
138 5610 141 5615 ,
161 5548 218 5628 (ιο)
235 5549 343 5622 Siipplc
364 5551 453 5606 hdso.
471 5550 498 5633 la
513 5550 591 5606 enim
619 5552 805 5635 decessorum
830 5569 952 5611 suornm
1007 5552 1127 5680 regnatis
1141 5553 1267 5610 adsonis
1288 5552 1403 5612 abbatis
1427 5554 1592 5623 Derionsis,
1609 5553 1644 5611 de
1660 5570 1719 5628 quo
1733 5554 1764 5612 ln
1778 5570 1826 5617 at·

126 5632 232 5676 seriem
247 5625 276 5678 ot
291 5620 376 5677 breve
386 5622 544 5679 chronicon
555 5621 747 5696 descripsisse
757 5630 948 5696 memoratur,
1007 5641 1043 5684 cu
1056 5641 1072 5681 o
1087 5641 1118 5683 ii.
1782 5662 1785 5667 ·
