3900 6090
122 253 178 316 921

706 249 910 313 EPISTOLAE
930 247 984 311 ΕΤ
1003 247 1238 311 PlthlLEGlA.

1764 249 1825 316 022

122 388 343 460 superterram,
360 384 483 459 ligatum
495 383 550 441 erit
565 389 594 442 et
609 384 638 440 in
654 383 740 453 coelo;
752 388 781 440 et
794 384 944 457 quodcun-
959 382 987 451 Α
1002 385 1101 439 nostro
1113 380 1258 455 spirituali
1274 380 1344 449 silio,
1360 383 1389 437 et
1404 398 1455 455 per
1479 385 1507 438 te
1531 379 1560 439 in
1584 381 1717 440 eamdem
1733 382 1824 441 ecclc·

122 493 179 550 que
195 475 316 532 solveris
331 480 551 547 superterram,
567 474 696 530 solutum
712 474 767 529 erit
786 475 813 529 el
828 473 858 528 iu
874 472 946 528 coelo

122 566 224 637 (Metili.
236 564 305 636 xvi).
322 564 478 635 Postquam
493 569 521 619 ct
531 564 619 635 hujus
630 562 728 618 vicarii
748 561 946 618 sincerissime

122 655 181 710 Dea
198 652 386 720 famulantes,
403 659 536 708 carentes
553 651 727 708 nebularum
739 650 946 715 densitatibus,

120 750 235 800 tantam
252 743 370 815 dignius
387 745 578 814 perceperunt
589 744 808 814 potestatem,et
819 738 946 794 universi

122 848 224 888 curam
236 836 306 887 sunt
316 830 411 885 sortiti
425 831 590 903 roginiiuis3
604 831 764 901 intorques
779 831 947 883 etnostram

122 922 296 994 parvitatem
306 917 949 991 Deiomnipotentismisericordiaconnume·

123 1026 187 1066 rare
213 1008 333 1081 dignata
362 1014 416 1062 est.
432 1008 473 1063 Ob
490 1007 544 1062 hoc
560 1005 739 1062 universitati
767 1003 947 1060 credentium

121 1098 304 1157 innotescere
319 1096 466 1153 voluimus
479 1096 618 1168 quoniam
633 1095 781 1151 abbatiam
798 1095 827 1149 in
840 1094 949 1148 honoro

122 1186 303 1245 celeberrimi
329 1186 436 1242 Christi
458 1186 632 1242 contessoris
656 1183 813 1251 Ambrosii,
836 1198 949 1238 necnon

122 1275 333 1333 venerabilium
345 1280 507 1348 martyrum
519 1275 641 1330 Protesii
653 1279 681 1328 et
696 1273 825 1330 Gervasii
839 1270 948 1326 consti·

122 1370 229 1433 tutam,
247 1365 295 1420 ubi
312 1381 413 1420 eorum
429 1381 512 1419 sacra
534 1379 654 1435 corpora
676 1362 886 1425 reconduntur,
899 1375 951 1431 per

123 1454 215 1527 hujus
230 1457 334 1509 nostrae
349 1453 532 1509 auctoritatis
554 1451 738 1525 privilegium
763 1449 950 1521 integerrime

123 1546 347 1600 corroboramus
362 1560 429 1598 cum
441 1543 578 1598 omuibus
589 1540 728 1607 ecclesiia,
739 1538 875 1607 oraculis,
887 1553 951 1593 cur

123 1633 214 1701 tibus,
231 1631 416 1698 massaritiis,
433 1631 587 1700 districtis,
600 1631 636 1687 ad
657 1631 752 1702 ipsam
772 1625 950 1700 respicienti·

121 1723 178 1779 bus
189 1739 196 1777 :
207 1721 318 1778 scilicet
333 1720 488 1787 Basiliam,
496 1724 594 1776 moute
608 1719 762 1787 Feliciano,
770 1716 943 1782 Levcniano,

120 1811 264 1880 Cercsola,
273 1811 423 1878 Lemonta,
436 1809 563 1881 capiate,
574 1809 743 1876 Oleoducto,
758 1805 943 1879 Campilicni,

1000 470 1085 540 siam,
1102 472 1275 542 cunctisque
1288 472 1508 528 successoribus
1523 473 1583 528 tuis
1599 471 1825 545 archiepiscopis

999 560 1226 632 inperpetuum.

1037 649 1178 714 Quoniam
1203 650 1367 721 apostolice
1393 651 1471 706 sedis
1494 650 1704 718 benevolentia,
1719 657 1748 709 ct
1772 670 1827 708 an-

1002 737 1089 809 tique
1110 739 1331 793 consuetudinis
1354 739 1414 793 zelo
1444 739 1600 811 parsecuti,
1614 739 1825 797 fraternitatem

1002 830 1083 880 tuam
1101 827 1260 881 Ravennati
1271 827 1405 883 Ecclesiae
1417 828 1746 902 prefecimus,insignia
1756 846 1827 902 pra·

1002 914 1100 970 sulum
1116 916 1248 986 ejusdem
1265 916 1393 972 ecclesie
1405 918 1528 989 dignum
1544 918 1684 973 duximus
1696 918 1750 973 tibi
1761 934 1828 974 con·

1002 1003 1206 1069 ferendae-um
1223 1021 1277 1060 usu
1294 1005 1448 1077 pallii,quo
1465 1007 1507 1060 uti
1524 1007 1631 1061 debeas
1645 1007 1733 1062 certis
1756 1011 1828 1063 tem·

1003 1089 1133 1162 poribus,
1151 1092 1295 1164 certisque
1322 1094 1427 1163 modis,
1445 1093 1520 1148 sicut
1543 1097 1741 1150 antecessores
1761 1098 1827 1151 tuos

1003 1195 1073 1234 usos
1083 1180 1174 1235 luisse
1186 1182 1347 1254 cognoscis.
1356 1183 1414 1238 Hoc
1431 1187 1458 1238 te
1470 1183 1661 1238 nihilominus
1672 1185 1829 1239 admouen-

1003 1272 1057 1334 tes
1075 1273 1107 1323 ut
1123 1271 1199 1326 sicut
1215 1289 1231 1328 n
1246 1273 1331 1327 nobis
1348 1273 1437 1346 hujus
1453 1275 1565 1330 decoris
1581 1292 1669 1330 usum
1689 1291 1722 1330 ac
1733 1291 1827 1331 sacer-

1003 1357 1109 1413 dotalis
1134 1361 1221 1415 oflicii
1249 1361 1390 1418 bonorem
1417 1363 1564 1434 accepisse
1586 1368 1614 1418 te
1643 1365 1764 1436 gaudes,
1788 1365 1830 1421 ite

1003 1446 1091 1501 etiam
1108 1464 1223 1504 morum
1240 1455 1327 1523 utque
1349 1456 1468 1507 actuum
1494 1452 1637 1524 probitate
1657 1458 1828 1526 susceptum

1004 1533 1034 1590 lu
1063 1535 1178 1594 Christo
1207 1540 1404 1596 secerdotium
1430 1541 1571 1598 adornare
1594 1542 1763 1600 contendas.
1781 1543 1829 1600 Sic

1004 1621 1083 1678 enim
1098 1624 1209 1681 alterno
1225 1627 1282 1683 eris
1301 1628 1411 1685 honore
1434 1629 1621 1702 conspicuus,
1638 1630 1663 1687 si
1688 1648 1756 1688 cum
1776 1632 1828 1689 ha·

1004 1709 1068 1768 bitu
1098 1715 1227 1787 eorporis
1257 1719 1366 1775 mentis
1391 1736 1508 1791 quoque
1535 1721 1613 1776 bona
1639 1723 1829 1801 concordant,

1003 1807 1035 1857 ut
1059 1803 1129 1860 loris
1154 1807 1344 1878 compositus,
1371 1807 1452 1863 intus
1480 1812 1577 1864 autem
1607 1809 1746 1880 dirce-tus,
1770 1811 1829 1868 Dec

117 1894 945 1966 Anticinco,Colonia,Verederio,Cavenaco,VillaAtba,
1002 1907 1069 1947 cum
1097 1893 1240 1964 Propheta
1263 1911 1328 1950 vere
1353 1896 1448 1952 dicere
1477 1897 1573 1968 possis
1593 1899 1747 1956 :Provideo
1777 1902 1830 1958 Deo

76 2006 80 2011 ⁴
117 1989 278 2063 cugniano,
297 1993 384 2060 atque
401 2004 467 2042 cum
485 1987 628 2042 universis
643 1986 679 2041 ad
697 1985 846 2058 prefatam
858 1984 947 2039 abba·
1002 1980 1110 2051 (verius
1125 1983 1231 2048 Deam„
1248 1983 1353 2053 Hanc.)
1370 1987 1400 2039 in
1423 1993 1564 2058 conspecta
1587 2003 1646 2043 meo
1669 2004 1784 2061 semper,
1801 1998 1832 2046 at

117 2079 190 2134 tiam
206 2076 407 2149 spectantibus
425 2093 431 2130 :
448 2091 481 2131 eo
496 2075 607 2131 scilicet
629 2074 731 2131 ordine
755 2078 787 2129 ut
811 2072 947 2128 monachi
1002 2072 1039 2125 at
1052 2087 1068 2125 a
1083 2070 1186 2127 deceta
1200 2072 1280 2139 uerbi,
1297 2089 1332 2128 ne
1349 2090 1472 2146 anacam
1485 2090 1654 2132 commonear
1667 2077 1755 2146 (Psoi.
1771 2077 1828 2150 xv).

117 2164 212 2239 ipsius
230 2164 354 2221 caenobii
366 2163 454 2220 simul
466 2181 534 2220 cum
550 2164 656 2219 abbate
668 2164 716 2236 qui
727 2179 805 2218 nunc
816 2160 948 2229 sunt,vel
1003 2157 1040 2214 Ut
1051 2164 1148 2215 autem
1165 2160 1316 2217 charitatis
1333 2162 1362 2217 in
1384 2162 1468 2219 nobis
1490 2163 1618 2220 lundata
1644 2165 1828 2223 dulcedinem

121 2255 171 2328 qui
195 2271 246 2328 pro
261 2259 392 2325 ternpore
411 2253 529 2320 luerint,
541 2256 713 2326 pretaxatas
724 2250 871 2315 ecelesias,
888 2266 949 2305 ora·
1003 2263 1205 2319 recognoscas,
1222 2266 1255 2305 ex
1269 2251 1398 2323 gratuita
1412 2251 1546 2325 largitate
1563 2257 1663 2310 nostra
1673 2258 1740 2328 post
1752 2271 1830 2312 mor·

121 2341 197 2410 cula,
208 2342 517 2409 curtes,massaritios,
531 2357 639 2406 servos,
652 2339 784 2407 ancillas,
800 2339 947 2406 Aldiones,
1004 2339 1063 2391 tem
1079 2337 1222 2393 Adeleidai
1238 2339 1433 2411 imperatricis
1448 2344 1595 2415 Augusta,
1607 2344 1753 2401 donamus
1776 2345 1829 2402 tihi

121 2429 376 2496 etAldiauas,sine
389 2428 514 2501 alicujus
524 2428 644 2500 majoris
655 2429 811 2484 minorisve
820 2443 949 2500 persone
1003 2430 1119 2499 tuaque
1134 2428 1268 2485 Ecclesiae
1293 2431 1459 2486 districtum
1485 2433 1661 2490 Ravennatis
1676 2434 1768 2504 urbis,
1790 2435 1831 2490 rl·

122 2517 949 2589 contradictione,habeant,teneantctpossideant,atque
1003 2531 1071 2586 pam
1096 2517 1251 2590 integram,
1287 2524 1447 2583 monetam.
1473 2521 1632 2588 teloneum,
1657 2528 1830 2594 mercatum,

122 2608 152 2663 in
174 2624 275 2662 eorum
294 2624 382 2662 usum
399 2624 432 2662 ac
453 2611 616 2679 sumptum,
628 2623 679 2678 pro
700 2605 806 2662 melius
822 2606 950 2677 previde·
1004 2619 1105 2660 mures
1119 2609 1145 2660 et
1161 2622 1263 2661 omnes
1279 2612 1378 2679 portas
1394 2608 1568 2666 civitatis.Si
1582 2626 1649 2666 vero
1665 2611 1723 2668 alia
1747 2613 1834 2685 privi-

122 2697 389 2764 rint,distribuant,
403 2700 504 2752 nostra
520 2695 679 2768 apostolica
695 2694 868 2751 auctoritate
881 2710 949 2765 conf
1004 2689 1080 2764 legia
1096 2692 1244 2766 aliquibus
1256 2695 1332 2751 sacta
1346 2697 1548 2769 apparuerint,
1565 2703 1672 2754 sanctae
1698 2699 1832 2756 Ecclesia

124 2785 271 2841 cedentes.
284 2786 314 2841 Si
330 2785 396 2858 quis
412 2802 489 2853 vero,
507 2786 583 2857 quod
597 2802 655 2840 nou
679 2783 836 2851 credimus,
853 2782 952 2838 diabo-
1004 2781 1140 2847 obnoxia,
1156 2786 1184 2836 et
1196 2782 1264 2839 huic
1280 2790 1380 2840 nostro
1396 2785 1545 2859 privilegio
1559 2787 1715 2857 contraria,
1732 2791 1831 2845 aucto-

121 2873 178 2930 lico
194 2891 284 2945 suasu
300 2879 403 2931 contra
420 2874 510 2946 hujus
525 2879 632 2931 nostre
649 2871 813 2946 apostolice
836 2888 951 2927 conces·
1004 2868 1088 2924 ritate
1105 2870 1155 2927 Dei
1170 2876 1199 2927 et
1213 2873 1242 2928 S.
1255 2873 1330 2929 Petri
1342 2875 1377 2930 ad
1392 2873 1517 2930 nihilum
1530 2876 1688 2949 redigenda
1697 2875 1749 2932 illa
1760 2876 1834 2950 diju-

122 2962 214 3019 sionis
230 2963 399 3019 firmitatem
424 2963 453 3017 in
479 2967 631 3035 posterum
655 2978 740 3034 agere
754 2960 908 3017 tentaverit
923 2965 952 3015 et
1005 2954 1167 3012 dicavimus
1184 2975 1190 3012 :
1207 2963 1235 3015 ct
1263 2959 1317 3015 hoc
1346 2962 1422 3034 quod
1452 2962 1589 3030 lecimus,
1614 2963 1792 3037 stabilimus,
1803 2971 1833 3023 et

121 3051 266 3124 prelibati
282 3051 451 3108 monasterii
467 3052 628 3107 coenobitas
642 3050 672 3105 in
689 3049 796 3122 aliquo,
814 3050 892 3122 quod
907 3049 949 3104 eis
991 3042 1149 3127 'intactum
1164 3050 1397 3120 permanendum
1408 3051 1559 3123 jubemus.
1574 3052 1723 3110 Donamus
1743 3055 1832 3111 etiam

121 3139 762 3215 concessimus,inquietaverit,sitanathema
771 3139 950 3195 horrendum
965 3127 988 3198 G
1007 3132 1196 3208 tibi,tuaeque
1211 3138 1345 3194 Ecclesiae
1360 3139 1705 3209 sanctae,Comaclsnsem
1716 3143 1835 3201 comita-

125 3229 291 3286 atreceutis
306 3231 406 3286 decem
423 3234 451 3285 et
466 3233 530 3285 octo
547 3228 693 3298 Patribus,
710 3233 788 3285 etex
808 3244 953 3285 consensu
1008 3228 1073 3279 tum
1089 3230 1293 3296 postmortem
1309 3227 1453 3284 Adelelda
1469 3229 1665 3302 imperatricis
1674 3234 1832 3307 Auguste:

122 3320 333 3377 fraudis-luda
352 3319 713 3392 Ananiaequeadaequetur
738 3317 955 3388 flammis‚eta
1009 3318 1043 3370 nt
1058 3318 1100 3382 tu,
1118 3318 1226 3388 tuaque
1241 3320 1342 3372 sancta
1358 3317 1495 3389 Ecclesia,
1512 3319 1614 3392 tuique
1639 3337 1835 3396 successores,
1918 3339 1924 3346 ·

125 3410 222 3475 Patre,
239 3392 507 3481 Filiostanctoquc
533 3409 656 3481 Spiritu,
683 3423 795 3463 necnon
824 3425 842 3464 a
870 3408 954 3464 beato
1009 3401 1093 3458 illum
1110 3421 1177 3460 cum
1193 3405 1331 3461 omnibus
1345 3406 1419 3462 inibi
1441 3407 1657 3481 pertinentibus
1678 3408 1769 3468 libere
1792 3416 1834 3468 te-

127 3498 261 3572 npestolo
278 3498 361 3554 Petro
376 3497 551 3553 maledictus
567 3498 596 3552 in
612 3513 750 3569 presens,
767 3501 795 3551 et
809 3497 952 3565 futurum,
1010 3497 1109 3560 neant,
1125 3497 1154 3549 et
1179 3494 1315 3550 ordinent
1337 3495 1366 3552 in
1392 3500 1578 3568 perpetuum.
1589 3499 1630 3554 'Et
1655 3501 1732 3572 quod
1762 3500 1835 3557 bene

125 3587 166 3644 rci
183 3587 308 3643 crimine
332 3587 471 3643 astrictus
492 3603 608 3659 semper
623 3588 754 3653 maneat;
771 3589 859 3656 atque
874 3603 891 3643 a
906 3601 953 3642 ca·
1008 3581 1118 3637 lactum
1133 3586 1178 3638 est
1192 3587 1224 3637 ut
1235 3584 1307 3638 benc
1322 3599 1513 3652 reservemus,
1523 3590 1550 3641 et
1570 3585 1600 3641 in
1622 3586 1728 3644 melius
1743 3604 1837 3645 corro-

124 3675 236 3732 thollca
250 3676 380 3733 Ecclesia
395 3675 434 3731 sit
444 3673 721 3741 eliminatus,doaec
734 3673 953 3745 prenominata
1009 3669 1146 3725 heremus
1158 3686 1165 3725 :
1177 3669 1460 3744 privilegium,qucd
1476 3676 1509 3728 tu
1527 3674 1731 3746 predecessori
1749 3676 1834 3733 Joan·

124 3765 251 3822 abbatiss
266 3766 437 3834 monachos,
453 3781 613 3837 eorumque
630 3763 744 3819 Patrem
760 3761 850 3836 digna
865 3763 954 3820 satis·
1009 3758 1049 3825 ni,
1071 3774 1137 3814 eum
1160 3759 1403 3816 Monteferetraua
1427 3765 1455 3818 et
1479 3761 1625 3818 Cervlensi
1650 3761 1791 3836 ecclesiis,
1807 3770 1837 3823 et

123 3854 249 3912 tectione
264 3854 377 3928 placere
394 3853 551 3911 studuerit.
1009 3864 1076 3904 cum
1101 3847 1239 3904 omuibus
1263 3866 1326 3921 qua
1349 3849 1404 3904 sibi
1429 3849 1527 3923 largiti
1548 3868 1663 3920 sumus,
1681 3868 1715 3908 ex
1736 3857 1836 3911 nostra

160 3944 269 4000 Datum
285 3961 313 4000 iv
324 3943 562 4017 Kal.MaiaS,per
572 3959 678 3998 manus
691 3943 813 3999 loannis
823 3942 952 4015 episcopi
1008 3937 1219 4006 benevolentia,
1237 3938 1431 4010 libitumque
1455 3940 1484 3995 S.
1503 3939 1663 3997 Ravennati
1688 3940 1833 4013 Ecclesiae,

123 4035 153 4091 S.
166 4033 342 4090 Albenensis
353 4033 488 4090 Ecclesiae
504 4038 532 4088 et
544 4031 756 4089 bibliothecarii
770 4034 876 4087 sanctae
887 4047 954 4103 apc
1008 4026 1127 4100 tuisque
1144 4027 1374 4096 successoribus,
1392 4028 1612 4098 confirmamus,
1622 4034 1651 4086 et
1665 4029 1836 4105 incorrupta

123 4122 234 4180 stolicsn
244 4123 338 4190 sedis3
351 4121 503 4193 anno,Deo
513 4120 648 4194 propitio,
657 4119 953 4192 pontillcatusdomni
1008 4132 1124 4189 semper
1138 4133 1201 4172 esse
1215 4116 1411 4188 decernimus,
1420 4117 1448 4173 id
1464 4122 1508 4174 est
1518 4120 1728 4177 monasterium
1740 4123 1834 4180 sancti

124 4210 255 4284 Gregorii
267 4211 377 4268 summi
389 4208 535 4283 pontificis
546 4214 575 4265 et
585 4208 742 4265 universali
754 4208 848 4282 quinti
859 4226 951 4282 pape,
1008 4206 1126 4262 Tharne
1137 4205 1273 4278 apostoli,
1285 4210 1314 4263 et
1328 4207 1498 4280 Euphemie
1515 4208 1664 4284 martyris,
1675 4226 1742 4267 cum
1754 4213 1833 4268 omui

123 4298 155 4355 iu
170 4299 369 4357 sacratissima
385 4299 453 4356 sede
468 4298 545 4354 beati
563 4297 638 4354 Petri
658 4297 783 4370 apostoli
799 4298 927 4354 secundo
943 4314 950 4354 ε
1008 4295 1175 4368 integritate
1189 4299 1332 4364 eorum,et
1346 4312 1413 4351 cum
1425 4297 1563 4354 omnibus
1574 4300 1671 4367 rebus,
1679 4302 1708 4354 et
1721 4315 1835 4372 posses·

124 4387 290 4459 imperante
314 4387 422 4443 domno
450 4386 555 4442 Ottone
579 4384 674 4452 tertio,
691 4383 780 4440 aDeo
804 4390 951 4454 coronato,
1007 4384 1140 4441 sionibus
1155 4400 1256 4440 eorum
1277 4383 1373 4454 cultis,
1386 4390 1415 4443 et
1437 4385 1568 4455 incultis,
1585 4392 1646 4443 tam
1671 4386 1834 4444 incivitate

124 4493 234 4549 magno
249 4480 278 4533 et
293 4476 413 4549 pacifico
430 4475 616 4547 imperatore,
633 4488 708 4528 anno
719 4490 749 4540 u,
763 4472 792 4528 iu
809 4489 909 4529 mense
924 4478 953 4530 et
967 4499 991 4566 D
1006 4472 1182 4529 Ariminensi
1203 4473 1317 4546 positis,
1335 4478 1523 4546 quamextra,
1533 4474 1682 4532 scilicetin
1693 4475 1833 4533 comitatu

124 4565 229 4621 indict.
246 4581 336 4636 supra
350 4563 460 4637 scripta
474 4581 513 4620 xi.
530 4562 677 4634 Scriptum
694 4579 746 4634 per
760 4578 866 4618 manus
877 4563 952 4619 Petri
1008 4561 1184 4631 Pisaurensi,
1201 4562 1390 4632 Ariminensi,
1409 4568 1438 4620 et
1453 4563 1695 4621 Monteferetraun
1710 4564 1833 4623 colloca·

125 4654 234 4711 notarii
248 4658 277 4710 et
288 4652 432 4709 scriniarii
448 4653 478 4710 S.
491 4653 525 4708 a.
541 4653 573 4709 E.
590 4651 621 4707 in
636 4668 737 4708 mense
751 4651 853 4725 Aprili,
866 4656 894 4709 et
907 4653 953 4708 iu·
1007 4653 1056 4709 tis
1066 4655 1133 4719 Quae
1144 4652 1242 4709 omnia
1251 4668 1302 4724 per
1312 4656 1431 4708 centum
1441 4653 1504 4724 jam
1515 4651 1661 4710 curricula
1674 4669 1831 4723 annorum,

124 4743 253 4800 dictione
268 4741 433 4799 undecima.
449 4742 479 4797 P.
497 4742 573 4798 Bene
586 4741 689 4799 valeta.
1007 4745 1104 4798 vestra
1117 4740 1246 4797 Ecclesia
1260 4746 1289 4796 et
1303 4741 1391 4797 vestri
1409 4745 1607 4798 antecessores
1622 4746 1788 4815 tenuerunt,
1805 4748 1835 4800 et

503 4848 573 4906 XIV.

203 4955 337 4994 catceati
357 4955 437 4994 PAPAE
456 4954 474 4992 V
493 4954 625 4993 eets'roha
644 4953 680 4991 AD
699 4953 873 4994 GERBERTUM

345 5026 538 5066 Ravennam-:M
557 5025 729 5064 EPISCOPUM.

121 5186 203 5242 llittit
210 5188 340 5259 palliam,
359 5097 750 5244 Βιιυσηξτᾼιιῗέηἶοῖἓγὲζεὶεείαηι
763 5189 857 5243 maltis
872 5196 953 5244 ornat

246 5261 413 5330 privilegiis,
425 5260 520 5315 mattis
534 5258 725 5313 donationibus
740 5266 829 5330 capet.

231 5347 327 5420 (Apud
347 5348 452 5416 Mansi,
470 5348 577 5404 Consti.
593 5350 665 5403 tom.
682 5347 752 5414 XIX,
769 5347 844 5420 201.)

161 5453 329 5512 Gascoaius
344 5456 498 5528 episcopus
514 5472 614 5510 servus
631 5471 780 5510 servorum
796 5453 857 5523 Dei,
874 5454 950 5510 Gen-

125 5559 219 5600 sssro
248 5545 278 5600 S.
304 5545 480 5601 Ravennatis
508 5543 642 5599 Ecclesia
671 5543 897 5616 archiepiscope,
918 5560 951 5600 ac

1006 4848 1068 4899 voa,
1084 4831 1143 4887 [leo
1167 4829 1271 4903 gratia,
1288 4829 1394 4886 tenetis
1420 4829 1518 4901 quiete
1531 4847 1537 4886 :
1549 4830 1579 4886 id
1602 4833 1656 4899 est,
1678 4831 1832 4888 castellum

1007 4921 1085 4993 quod
1100 4924 1220 4975 vocatur
1230 4917 1460 4991 Ligabizzi,cum
1479 4918 1559 4975 omni
1575 4921 1752 4992 pertinentia
1767 4939 1831 4991 sua,

1008 5013 1127 5065 etcurte
1143 5009 1178 5062 do
1194 5011 1294 5062 sancto
1306 5007 1450 5074 Hermete,
1467 5024 1534 5062 cum
1551 5008 1831 5080 praedictaecclesia,

1004 5103 1033 5153 et
1047 5114 1113 5153 curn
1129 5095 1277 5152 casalibus
1289 5098 1317 5151 et
1332 5096 1546 5167 appendicibus
1560 5097 1623 5152 suis
1642 5097 1773 5154 :scilicet
1788 5115 1833 5154 ca·

1005 5185 1124 5243 stellum
1135 5184 1212 5258 quod
1222 5187 1341 5241 vocatur
1351 5184 1554 5252 Galliola,cum
1563 5185 1643 5242 omni
1655 5187 1832 5260 pertinentia

1005 5293 1072 5343 sua;
1085 5291 1138 5330 uec
1154 5291 1211 5330 non
1222 5278 1252 5330 et
1266 5277 1396 5329 castrum
1412 5274 1489 5347 quod
1505 5279 1625 5330 vocatur
1648 5274 1830 5346 Granariolo,

1005 5381 1072 5421 cum
1089 5363 1227 5420 omnibus
1243 5363 1329 5426 rebus
1344 5367 1372 5418 et
1383 5362 1618 5436 possessionibus
1629 5364 1701 5421 suls.
1718 5365 1753 5420 Et
1768 5382 1831 5421 cas·

1006 5453 1107 5510 tellum
1124 5453 1201 5524 quod
1214 5457 1332 5509 vocatur
1347 5452 1554 5509 hlontecorlino
1569 5470 1636 5510 cum
1656 5453 1736 5510 omni
1761 5452 1832 5511 intc-

1006 5543 1110 5619 gritate
1122 5560 1190 5612 stru,
1207 5559 1319 5599 necnon
1330 5546 1358 5599 et
1368 5542 1515 5615 integrum
1526 5542 1679 5600 castellum
1688 5543 1765 5616 quod
1779 5560 1828 5602 vo-
