3900 6090
91 318 94 322 a
189 279 267 339 nea
594 268 859 334 nnorsunms
881 264 1068 329 uouraus
1092 265 1492 332 eannansnsnransrs
1825 271 1898 334 rin

188 413 264 468 168
279 409 388 483 Inclyta
405 407 542 463 nobilitas
558 423 630 478 qnos
646 404 721 459 vexit
736 407 765 458 et
779 402 857 458 alma
873 405 1012 474 potestne,
1028 404 1055 469 Α
1070 400 1149 456 'l'alis
1164 418 1291 474 namque
1304 418 1398 471 meus,
1415 420 1502 476 quem
1519 404 1619 479 diligo,
1635 407 1759 461 constat
1778 404 1895 477 amiens,

187 501 275 556 Ortus
291 504 378 571 atque
395 498 439 552 sui
456 496 636 568 respondens
653 491 810 559 nobilitati,
1067 491 1169 557 Quem,
1187 490 1286 558 lateor,
1303 490 1399 547 solum
1415 510 1472 564 pra
1487 495 1602 550 eunctis
1618 485 1685 550 esse
1701 492 1872 551 colendum.

188 589 312 645 Pulchra
327 588 383 642 luit
399 585 480 653 laeie,
497 584 623 655 fideique
640 583 744 637 deeora
759 580 863 646 nitore,
1066 576 1117 634 Ille
1132 579 1251 652 quidem
1267 578 1334 634 talis
1348 597 1394 636 me
1410 582 1598 656 desponsavit
1613 581 1729 639 amoris

135 704 138 708 ·
188 676 343 748 Praecipuis
359 673 483 728 nimium
500 672 613 727 meritis
629 671 797 742 mundoque
813 667 947 724 celebris.
1066 667 1199 740 Pignore,
1215 684 1267 723 eeu
1284 685 1434 741 sponsam,
1451 670 1530 727 clara
1544 672 1675 728 dotando
1692 688 1817 740 corona,

186 770 263 832 Oua,
276 766 339 835 jam
356 763 447 818 tincta
462 744 536 816 sacri
553 778 627 832 pura
642 758 828 831 imptismatis
844 758 923 811 unda
1064 757 1159 828 Atque
1175 774 1273 812 meum
1289 758 1415 830 gemmis
1431 758 1538 815 collum
1552 761 1644 816 cinxit
1661 759 1817 834 pretiosis,

185 857 220 910 llt
235 855 269 910 de
285 851 383 908 delicti
399 849 523 905 maculis
537 850 678 904 annulata
693 847 813 913 veterni,
1064 845 1192 901 Auribus
1206 851 1234 901 et
1248 847 1467 918 resplendentes
1484 850 1639 922 suspendit
1655 851 1795 915 inaures,

185 946 221 1001 Se
237 948 328 999 telam
344 939 459 997 Christo
476 939 588 993 devovit
604 942 701 993 mente
716 936 852 1007 heuigua,
1066 935 1337 991 P1·altensornatrrs
1353 937 1424 991 varii
1440 937 1534 994 claros
1550 939 1621 994 mihi
1638 937 1755 995 cultus.

184 1034 298 1101 Nitens
315 1034 429 1087 servata
443 1029 516 1083 hene
532 1025 698 1099 virginitate
714 1027 808 1090 beata,
1065 1023 1162 1095 Ipsius
1177 1029 1254 1080 certe
1270 1024 1393 1079 dulcedo
1410 1027 1494 1081 linxit
1509 1028 1545 1082 ab
1560 1044 1620 1095 ore,

184 1125 327 1194 Spernere
342 1117 474 1174 carnales
490 1117 610 1172 allectus
628 1115 739 1169 sortiter
754 1130 866 1180 ornnes,
1064 1114 1130 1178 Quae
1148 1130 1193 1168 me
1208 1113 1335 1180 laetavit,
1353 1113 1429 1169 dulei
1447 1120 1591 1188 pastuque
1604 1117 1728 1184 cibavit,

185 1211 302 1267 Galibis
317 1213 345 1263 et
361 1208 423 1262 vitm
440 1206 548 1260 durum
563 1203 710 1258 luctamen
729 1203 811 1270 intro,
1063 1201 1121 1256 Ceu
1138 1207 1238 1257 nectar
1253 1201 1358 1270 mellis,
1375 1205 1473 1259 suavis
1488 1204 1531 1260 vel
1544 1206 1627 1277 sepia
1643 1205 1746 1261 lactis.

184 1304 256 1368 Quo,
272 1297 373 1353 victrix
390 1295 483 1350 hostis
498 1291 690 1364 corruptelam
707 1290 870 1356 suadentis,
1063 1289 1186 1362 Insuper
1199 1296 1226 1345 et
1238 1289 1400 1346 thalamum
1415 1292 1549 1348 mihimet
1563 1293 1734 1348 construxit
1751 1293 1784 1348 iu
1794 1310 1894 1364 aevum,

86 1427 89 1430 ·
183 1389 271 1463 Jungi
287 1384 426 1443 cmlieolis
442 1382 599 1438 meruisset
615 1381 643 1435 in
659 1380 764 1435 uthere
780 1378 899 1435 sanetis.
1063 1378 1219 1434 Lucentem
1233 1379 1359 1452 gemmis
1374 1380 1473 1450 variis,
1491 1381 1614 1454 aurique
1629 1379 1780 1451 metallis,

159 1544 163 1548 ¹
217 1481 279 1546 Ast,
296 1475 345 1531 ubi
361 1474 456 1529 lustra
470 1473 537 1538 duo,
552 1469 637 1526 celeri
654 1487 742 1524 cursu
759 1468 898 1536 revoluta,
1061 1467 1177 1540 Organa
1192 1467 1325 1523 melodiis
1342 1469 1371 1524 in
1387 1487 1445 1542 quo
1461 1471 1624 1527 resonando
1641 1471 1768 1527 canoris

184 1568 307 1640 insuper
322 1568 350 1619 et
365 1568 461 1617 ternos
478 1558 571 1615 atatis
586 1556 704 1614 transiit
719 1574 822 1624 annos,
1061 1555 1137 1612 165
1153 1556 1276 1612 Carmen
1294 1556 1377 1612 dulce
1389 1557 1461 1613 mibi
1471 1564 1590 1615 cantant
1600 1576 1654 1633 per
1666 1563 1809 1632 tempora
1818 1559 1894 1629 secli,

183 1651 347 1728 Sempronii
363 1649 490 1716 comitis,
508 1647 635 1720 praelecti
651 1646 762 1702 scilicet
778 1645 863 1701 Urbis
1060 1646 1095 1700 Dt
1111 1645 1220 1718 pariter
1234 1646 1334 1717 sponsi
1350 1645 1452 1703 laudes
1468 1647 1653 1705 modulantia
1667 1648 1768 1718 chari,

184 1745 286 1813 Filius,
304 1739 428 1814 insignis
439 1736 579 1810 juvenilis
594 1739 749 1792 stemmate
765 1734 855 1798 lteris,
1063 1734 1144 1790 illius
1158 1735 1295 1791 affectum
1311 1752 1427 1809 semper
1441 1738 1567 1794 suadent
1582 1736 1657 1794 mihi
1674 1742 1812 1808 eastum,

183 1834 265 1890 Illius
280 1832 379 1887 sermm
395 1829 484 1883 decus
501 1830 532 1882 ut
546 1824 618 1880 vidit
633 1824 781 1896 speciosa,
1062 1823 1184 1892 dilectu,
1202 1840 1289 1896 quem
1302 1829 1414 1881 secreto
1429 1841 1498 1880 cum
1514 1825 1609 1882 cerdis
1625 1826 1751 1896 amabe,

182 1923 293 1978 Allecto
311 1919 403 1974 nimio
419 1917 515 1972 cordis
531 1930 694 1986 suspensus
710 1913 738 1967 in
755 1912 814 1979 illa,
1062 1910 1148 1967 Nulla
1160 1911 1299 1984 puellaris
1314 1913 1409 1985 patior
1424 1913 1601 1970 detrimenta
1615 1916 1758 1988 pudoris.

183 2012 263 2068 lianc
276 2008 331 2065 sibi
348 2025 405 2080 pra
420 2004 534 2061 eunetis
551 2019 640 2056 arram
654 2000 761 2072 delegit
776 2001 944 2069 amandam,
1061 2002 1123 2068 Ast,
1140 2001 1190 2056 ubi
1205 2001 1279 2056 ferte
1293 2001 1339 2056 sul
1355 2019 1469 2058 merear
1483 2002 1687 2076 complexibus
1703 2005 1765 2073 uti,

183 2101 219 2156 So
234 2100 426 2161 lertunatum,
441 2093 573 2158 credens,
591 2094 619 2144 et
635 2089 795 2144 honoribus
811 2094 911 2160 aptum
1063 2090 1133 2160 Ejus
1147 2094 1176 2145 et
1189 2089 1219 2144 in
1236 2089 1411 2158 thalamum,
1429 2108 1605 2165 sponsarum
1626 2109 1723 2162 more,
1741 2111 1895 2152 coruscum

183 2188 213 2246 Si
230 2193 290 2243 tam
308 2183 494 2257 praepulchrae
512 2180 668 2234 meruisset
683 2178 790 2233 habere
808 2177 894 2249 pulla
1062 2177 1146 2246 Duei,
1161 2194 1318 2250 permaneo
1333 2179 1427 2253 virge,
1443 2180 1506 2236 sine
1521 2182 1621 2250 sorde:
1634 2182 1761 2254 pudica.

183 2276 285 2334 Dulcia
300 2293 351 2346 per
366 2271 488 2345 propria
506 2274 621 2340 tempus
637 2267 783 2323 consortia
797 2267 871 2322 vila.
1062 2265 1113 2321 Cui
1130 2266 1239 2322 debebo
1255 2267 1343 2322 fidem
1359 2266 1413 2323 seli
1428 2285 1542 2324 servare
1557 2286 1731 2344 perennem¹

183 2366 255 2422 llino
269 2363 349 2418 illam
367 2361 449 2427 adiit,
467 2358 567 2413 multis
583 2357 739 2413 cornitatus
754 2356 867 2424 amicis,
1063 2354 1121 2427 lpsi
1138 2372 1184 2411 mc
1202 2358 1261 2411 toto
1275 2357 1373 2412 cordis
1388 2359 1541 2414 conamine
1552 2360 1651 2415 credo.

183 2455 365 2526 Desponsam
378 2448 477 2505 volens
491 2463 629 2519 sponsam
647 2445 752 2501 Christi
768 2445 974 2514 venerandam,
1097 2443 1148 2499 llis
1164 2444 1254 2499 miser
1268 2445 1389 2516 auditis,
1405 2445 1526 2518 spiculis
1542 2448 1694 2519 perfossus
1717 2448 1843 2517 amoris,

183 2544 328 2614 Pluraque
343 2541 379 2595 dc
395 2537 498 2611 patriis
513 2539 700 2608 comportans
716 2551 839 2588 munera
853 2534 943 2606 gazis,
1062 2533 1218 2606 Ingemuit,
1234 2535 1334 2590 erebro
1350 2536 1461 2591 ducens
1477 2534 1604 2610 suspiria
1619 2535 1723 2610 longa,

183 2632 296 2688 Stultus
312 2627 448 2701 speravit,
465 2626 542 2698 quod
559 2628 725 2697 perpetrare
741 2623 881 2695 nequivit,
1062 2621 1121 2678 lloe
1137 2622 1280 2694 quianon
1296 2623 1415 2693 meruit,
1432 2641 1507 2680 eaeo
1523 2625 1601 2697 quod
1615 2626 1706 2682 corde
1727 2627 1842 2699 petivit,

182 2719 311 2793 Virginis
328 2723 360 2773 ut
375 2715 512 2771 stabilem
528 2713 613 2768 donis
628 2729 815 2784 eorrumpere
831 2716 971 2780 mentem,
1060 2711 1107 2776 Εἰ,
1122 2728 1210 2783 super
1221 2711 1276 2766 hcc
1292 2729 1427 2781 moerens,
1444 2713 1594 2786 nimioque
1610 2713 1715 2770 dolere
1728 2715 1889 2779 tabescens,

183 2810 264 2866 lilius
278 2812 307 2863 ot
324 2805 401 2878 turpi
417 2805 594 2875 conjungere
610 2801 702 2875 possit
718 2801 820 2856 amori.
1061 2799 1174 2855 Decidit
1189 2800 1341 2855 inlectam
1357 2800 1617 2858 stultissimusille
1633 2801 1782 2873 virorum,

182 2899 238 2955 Sed
252 2895 358 2954 Christi
373 2895 464 2966 virgo,
481 2909 632 2964 spernens,
649 2907 700 2945 ceu
718 2895 856 2959 stercora,
873 2891 958 2959 dona,
1060 2889 1107 2956 llt,
1123 2888 1268 2945 simulans
1283 2889 1359 2945 male
1373 2888 1555 2963 languorem,
1572 2890 1678 2946 celavit
1694 2909 1843 2962 amorem,

183 2989 300 3043 Pondus
316 2983 444 3041 etohlati
460 2981 623 3053 dedignans
640 2979 773 3052 protinus
789 2981 863 3047 auri,
1061 2978 1115 3043 Qui
1131 2977 1187 3032 sibi
1203 2995 1294 3034 causa
1307 2979 1405 3051 gravis
1421 2978 1515 3035 lucrat
1530 2997 1588 3035 non
1606 2997 1699 3053 parva
1721 2980 1844 3038 doloris.

183 3075 373 3148 Splendorem
389 3088 504 3145 queque
520 3085 703 3142 gemmarum
715 3067 836 3124 rutilum
847 3068 1005 3136 variarum,
1061 3066 1119 3122 Nec
1135 3083 1226 3135 mora,
1246 3067 1279 3122 llt
1293 3072 1407 3135 notum,
1425 3068 1502 3124 lama
1513 3067 1655 3141 prodente
1671 3069 1808 3140 sinistra,

182 3166 233 3221 His
249 3163 345 3220 verbis
355 3164 493 3234 juvenem
510 3158 624 3214 causari
642 3159 732 3213 fertur
747 3161 913 3212 amentem:
1019 3144 1041 3211 C
1060 3155 1168 3212 Natum
1184 3156 1310 3228 prasenti
1328 3157 1418 3213 nimio
1433 3157 1574 3232 languore
1589 3157 1687 3231 ligeri.
1749 3218 1752 3223 ,

182 3255 204 3311 0
221 3253 272 3322 llli,
290 3251 393 3307 mortis
409 3248 513 3304 merito
529 3247 696 3302 damnande
713 3246 859 3318 perennis,
1061 3244 1242 3301 Conveniunt
1256 3245 1353 3302 subito
1368 3245 1485 3314 medici,
1501 3246 1581 3303 velut
1595 3247 1719 3320 agmine
1736 3248 1826 3317 laete,

182 3343 204 3397 0
221 3343 312 3397 lames
327 3339 482 3404 scelerum,
498 3339 682 3407 contemptor
696 3339 725 3389 et
744 3334 968 3406 omnipotentis,
1059 3334 1219 3406 Apponunt
1232 3333 1320 3389 variis
1335 3338 1419 3407 aptas
1435 3335 1545 3392 morbis
1561 3335 1741 3394 medicinas.

182 3431 341 3488 Discedens
357 3446 374 3483 a
390 3444 437 3482 me
452 3425 539 3481 cilius
555 3423 692 3496 fugiendo
707 3423 819 3494 recede,
1061 3423 1171 3479 Harum
1187 3424 1237 3479 sed
1249 3424 1351 3494 juveni
1367 3422 1408 3479 nil
1425 3424 1595 3497 proficiebat
1609 3424 1737 3482 umenti.

182 3521 240 3577 Nee
254 3518 356 3575 credas
373 3522 400 3572 le
415 3531 500 3589 posse
516 3529 614 3568 meum
630 3517 791 3585 pervertere
810 3528 918 3584 purum
1061 3512 1192 3569 Tandem
1208 3517 1373 3580 senserunt,
1390 3514 1468 3585 qued
1484 3530 1551 3570 mox
1565 3513 1642 3586 patri
1658 3515 1840 3573 retulerunt.

182 3610 260 3665 m
273 3609 336 3674 Cor,
353 3605 431 3678 quod
448 3601 586 3659 amatoris
599 3601 737 3673 prevenit
752 3599 905 3657 nobilioris
1061 3600 1123 3656 Non
1139 3601 1194 3656 hoc
1207 3601 1358 3674 langueris
1374 3601 1504 3675 signum,
1520 3603 1571 3658 sed
1588 3602 1674 3660 lortis
1690 3606 1816 3675 amoris,

182 3697 282 3755 Dulcis
297 3712 388 3762 aanor,
405 3693 561 3767 pulchram
579 3692 664 3762 eujus
680 3689 746 3746 fidei
765 3689 823 3745 lero
835 3689 952 3763 signum
1061 3691 1143 3756 Quod
1158 3691 1349 3747 contristatus
1365 3694 1513 3763 pateretur
1528 3690 1606 3747 lilius
1622 3693 1700 3765 ejus.

183 3789 215 3844 ln
232 3787 305 3843 sacie
320 3800 448 3851 summa,
466 3798 518 3838 nce
534 3798 590 3834 non
607 3780 636 3834 in
652 3795 771 3852 corpore
786 3783 856 3848 toto,
1062 3780 1123 3845 Quo
1138 3783 1221 3852 pater
1236 3779 1347 3846 audito,
1362 3796 1452 3836 eausa
1463 3780 1619 3853 morbique
1632 3787 1766 3855 repertu,

182 3880 243 3944 Quo
259 3893 304 3931 mo
320 3872 455 3948 signavit,
472 3869 656 3941 strictimque
672 3868 727 3923 sibi
743 3867 885 3940 religavit,
1062 3867 1099 3925 Ut
1112 3868 1157 3924 leo
1173 3868 1370 3937 frendescens,
1387 3868 1519 3942 rapidam
1535 3885 1697 3927 conversus
1713 3871 1746 3926 in
1760 3872 1845 3942 iram,

182 3967 222 4022 Ne
238 3983 304 4021 mca
318 3979 402 4020 mens
418 3961 508 4017 alium
515 3961 579 4032 jam
597 3957 835 4031 praesumpsisset
850 3958 979 4013 amicum
1062 3957 1184 4031 lneoepit
1198 3957 1362 4029 percontari
1376 3956 1456 4013 rabie
1472 3957 1601 4026 larienti,

182 4058 325 4122 Querens,
342 4051 392 4107 sed
409 4049 503 4107 solum
520 4046 672 4120 complecti
688 4046 814 4102 disceret
827 4044 921 4114 illum,
1062 4045 1134 4113 Quis
1149 4047 1223 4102 leret
1239 4045 1287 4102 ille
1302 4046 1455 4120 potestatis
1471 4046 1513 4103 sie
1528 4046 1705 4121 imperialis,

183 4144 248 4212 Qui,
263 4143 370 4197 virtute
382 4143 496 4213 potens,
512 4136 651 4208 omnique
664 4136 767 4191 decore
781 4134 939 4207 refulgens,
1063 4136 1094 4192 ln
1113 4152 1169 4208 quo
1184 4151 1236 4208 spe
1250 4152 1325 4191 vana
1338 4136 1418 4208 virgo
1434 4137 1546 4194 conlisa
1557 4138 1699 4210 superba,

182 4232 320 4289 leestes
334 4234 363 4285 et
380 4227 517 4282 mortales
533 4224 732 4298 supereminet
747 4241 859 4281 omnes.
1062 4225 1199 4281 Crederet
1213 4240 1277 4281 esse
1293 4224 1350 4279 sibi
1362 4226 1500 4296 junctum
1518 4228 1708 4282 contemnere
1724 4231 1831 4284 natum

183 4323 266 4378 Hunc
281 4320 344 4375 sine
360 4323 452 4373 matre
468 4317 563 4381 Pater,
580 4315 644 4370 cani
662 4318 737 4370 retro
749 4318 882 4387 tempora
893 4314 1006 4384 mundi,
1062 4314 1143 4386 Ejus,
1161 4313 1223 4385 qui,
1239 4311 1318 4386 plebi
1336 4313 1439 4370 merito
1456 4313 1666 4370 celeberrImus
1682 4314 1780 4385 omni,

183 4412 215 4468 ln
231 4411 337 4466 deitate
353 4423 463 4481 parem,
481 4421 533 4461 nee
550 4405 703 4474 majestate
719 4402 874 4471 minorem,
1062 4403 1147 4460 Esset
1162 4403 1305 4475 condigne
1321 4419 1438 4458 summo
1454 4407 1608 4475 provectus
1622 4402 1749 4460 honore.

183 4500 375 4571 Omnipotens
388 4495 498 4569 genuit,
512 4511 562 4566 por
577 4509 664 4565 quem
681 4492 736 4548 sihi
753 4492 860 4548 secula
875 4493 954 4548 lecit.
1023 4513 1047 4578 D
1063 4492 1128 4547 llaec
1144 4491 1195 4547 ubi
1208 4491 1349 4548 disseruit
1365 4492 1515 4563 nimioque
1530 4492 1627 4548 lurore
1643 4491 1778 4563 latravit,

182 4590 217 4645 ut
232 4589 296 4644 sino
312 4587 394 4642 Patro
410 4585 528 4658 quidem
545 4586 639 4638 mater
655 4580 786 4654 pariebat
805 4583 953 4650 eumdem,
1063 4579 1221 4653 Comperit,
1234 4579 1310 4636 hane
1325 4579 1433 4652 ipsam,
1444 4597 1527 4638 sacre
1543 4580 1726 4654 baptismate
1739 4581 1841 4650 lotam,

184 4679 332 4735 Factorem
349 4675 499 4748 proprium
515 4672 639 4738 laetans,
656 4671 710 4726 sub
727 4674 856 4742 tempore
876 4674 989 4740 natum,
1063 4672 1185 4743 dgnem,
1201 4667 1524 4742 Christicolum,primis
1540 4669 1889 4751 loreqsempersbanuis,

173 4765 273 4840 'Cujus
288 4763 501 4838 propalam-arn
517 4762 663 4817 mirantur
678 4758 803 4832 denique
818 4759 954 4828 sormam,
1064 4760 1140 4815 106
1156 4760 1200 4828 bt,
1218 4759 1421 4815 conservanda
1436 4775 1488 4830 pro
1503 4757 1682 4831 virginitatis
1698 4776 1812 4828 emere,

183 4856 294 4914 Solaris
309 4853 455 4927 splendor,
469 4851 544 4907 luna
563 4850 689 4905 renitens
705 4864 821 4921 quoque
836 4848 954 4918 candor,
1063 4849 1134 4905 Esse
1150 4864 1237 4903 suum
1253 4863 1407 4919 sponsum,
1424 4851 1563 4904 consueto
1586 4846 1697 4916 dicere,
1714 4847 1874 4905 Christum.

186 4946 351 5002 laudantes
368 4941 457 4998 radiis
472 4939 629 4996 Dominum
646 4937 827 5011 fulgentibus
847 4938 937 5005 orbis,
1064 4939 1125 5004 Quo
1142 4953 1210 4993 nam
1225 4939 1384 5008 comperta,
1396 4935 1610 4992 latetureerde
1626 4934 1772 5010 maligne,

184 5036 274 5108 Cujus
287 5040 316 5090 et
332 5032 454 5104 imperio
468 5028 640 5085 famulantia
655 5028 751 5085 sidera
766 5030 873 5082 cuneta
1065 5026 1191 5099 Sperens
1208 5041 1275 5080 mox
1290 5027 1420 5080 teneram
1435 5023 1539 5081 meritc
1553 5024 1660 5080 debere
1675 5024 1809 5097 puellam

184 5124 247 5180 Illis
262 5121 403 5195 injunctis
418 5117 567 5191 complent
582 5133 634 5189 per
648 5120 780 5187 tempora
794 5131 925 5171 cursum.
1065 5114 1154 5171 Servis
1170 5114 1205 5169 ad
1222 5110 1335 5168 cultum
1351 5112 1447 5186 poenis
1463 5129 1567 5186 urgere
1586 5113 1726 5184 deorum,

185 5213 248 5281 Cui,
262 5211 479 5268 conclamantes
495 5204 651 5279 condignis
673 5203 822 5272 laudibus,
839 5220 941 5260 omnes
1067 5204 1102 5259 Et
1117 5203 1159 5259 sic
1172 5218 1258 5275 posse
1274 5218 1362 5257 suum
1377 5202 1497 5257 tandem
1512 5198 1660 5275 complere
1675 5201 1821 5274 furorem,

145 5326 151 5341 0
185 5303 283 5358 Coetus
299 5298 421 5374 angelici
438 5314 496 5352 non
513 5296 662 5351 desistunt
677 5292 823 5349 famulari.
1067 5295 1129 5359 Quo
1144 5309 1196 5366 pro
1212 5294 1381 5363 contemptu
1397 5291 1458 5346 nati
1472 5290 1599 5347 furiebat
1612 5291 1727 5364 egroti.

186 5391 260 5446 Mira
274 5389 316 5445 tui
329 5388 445 5446 bonitas
460 5391 514 5454 est,
531 5389 560 5440 et
574 5382 712 5456 praecisa
726 5386 868 5454 potestas,
1066 5382 1150 5450 Hine,
1167 5379 1246 5436 illam
1262 5378 1350 5435 citius
1362 5378 1428 5434 sisti
1444 5378 1652 5453 conspectibus
1666 5380 1745 5452 ejus,

186 5478 284 5536 Gloria
299 5476 446 5541 sublimis,
464 5491 568 5550 perpes
583 5471 740 5529 eoncordia
754 5471 846 5545 pacis,
1066 5470 1170 5539 lussit,
1186 5473 1216 5526 et
1231 5471 1386 5536 astantem,
1404 5467 1486 5524 nullo
1501 5472 1587 5525 metu‘
1597 5466 1808 5542 trepidantem,

188 5567 356 5626 Laudabilis
369 5565 473 5641 pictas,
491 5563 676 5638 nimiumque
686 5560 813 5636 benigna
827 5557 972 5619 veluntas.
1067 5560 1163 5617 Primo
1180 5556 1309 5615 suadelis
1325 5554 1451 5614 nimium
1467 5557 1615 5617 mulcebat
1628 5557 1749 5636 amicis,
