3900 6090
125 312 180 374 ΤΗ

683 307 714 365 S.
738 305 874 366 MAIOLl
899 301 1064 365 ebriatis
1087 304 1265 365 CLUNIAC.

1776 304 1834 364 772

161 443 282 509 Excitat,
299 441 514 513 impatiensque
530 454 616 492 morae
633 453 700 491 moa
714 452 796 492 arma
821 434 988 508 reposcitA
1005 457 1018 483 u
1035 434 1143 490 Fratris
1159 433 1255 490 blaioli
1273 434 1394 490 consilio
1415 436 1439 490 si
1465 451 1566 491 aurem
1591 437 1748 508 preberes,
1766 434 1833 491 hinc

160 533 250 586 Arma
263 528 348 596 celer,
366 528 502 600 notisque
517 530 598 581 artus
615 525 765 580 inducitur
779 524 880 580 armis.

160 620 282 677 Voverat
297 618 344 673 illc
360 632 447 673 suum
465 616 530 671 fidei
545 632 596 687 pro
614 615 731 670 nomine
746 619 860 687 peetus,

161 709 193 765 In
209 721 416 780 quamcunque
431 704 513 760 daret
528 720 615 759 casus
631 703 801 759 incumbere
812 705 947 758 mortem.

123 800 175 853 Ast
190 795 239 851 ubi
255 794 342 861 venit,
360 809 427 849 mox
440 793 607 864 imperatori
624 791 654 846 in
671 793 773 847 taciem
789 791 909 857 resistit,
921 794 950 846 et

119 872 191 939 'eum
206 881 322 956 publice
339 898 436 936 coram
451 880 589 934 omnibus
616 879 785 950 increpavit.
804 901 818 927 u
833 877 946 949 Aspice,

123 972 230 1046 inquit,
247 969 424 1027 sublimatus
440 967 614 1023 transitoriae
633 967 796 1040 dignitatis,
812 983 864 1021 cur
876 983 947 1038 pre-

124 1065 207 1134 cepta
222 1059 388 1131 aspernaris
403 1056 534 1113 veritatis
545 1056 559 1110 ‘l
576 1055 680 1110 l'etrns
701 1061 745 1110 est
768 1059 795 1110 te
819 1055 948 1127 redigere

124 1150 301 1216 adminima,
310 1144 578 1220 quiadmortalium
588 1144 791 1200 tesublimavit
803 1144 946 1216 fastigia.»

124 1241 206 1295 Tunc
221 1238 388 1311 imperator,
405 1236 459 1290 hac
474 1235 574 1316 audita
595 1233 832 1299 cenuuinatione,
849 1232 947 1287 sarbito

123 1325 310 1393 contremuit,
318 1328 347 1380 et
357 1323 482 1396 supplici
495 1339 629 1378 sermone
641 1321 801 1393 respondit,
809 1325 838 1376 et
849 1320 878 1375 in
889 1337 947 1393 quo

123 1410 776 1489 praeoptaveritatiscontemneret,humiliter
785 1408 946 1482 requisivit.

125 1527 139 1556 a
154 1503 205 1561 Cui
222 1501 266 1558 vir
279 1500 329 1557 Dei
347 1516 354 1556 :
371 1500 519 1565 Parentes,
537 1498 793 1570 inquit,honorare
809 1496 888 1554 illius
903 1502 947 1556 est

119 1592 228 1665 jussio,
240 1590 290 1664 qai
301 1606 368 1645 cum
379 1588 456 1644 Deus
468 1587 692 1661 esset,virgineo
703 1587 799 1643 editus
809 1603 843 1642 ex
855 1591 945 1657 atero,

124 1681 210 1737 matri
225 1696 256 1736 se
271 1677 415 1751 subjicere
430 1677 569 1749 dignatur
583 1677 612 1732 in
628 1675 793 1749 Evangelio.
810 1676 857 1732 Sic
868 1676 946 1732 enim

1004 517 1081 578 unde
1096 523 1176 578 venis
1194 529 1269 578 retro
1284 523 1404 579 redires.
1423 524 1476 579 Pro
1492 527 1569 580 certe
1580 523 1659 580 enim
1672 522 1832 597 scias,quia

1003 611 1027 668 si
1044 611 1168 667 Romam
1183 611 1345 684 perrexeris
1359 628 1417 684 quc
1442 612 1484 668 ire
1506 611 1652 687 disponis,
1668 611 1831 669 nativitatis

1003 716 1127 772 regnum
1143 706 1294 772 nunquam
1312 699 1439 771 amplius
1455 700 1577 771 videbis,
1595 701 1645 758 sed
1664 701 1765 757 Rome
1776 718 1831 774 quc

1003 787 1111 860 pergis,
1128 787 1295 860 sepulerum
1312 787 1446 844 habebis.
1457 812 1472 838 a
1489 789 1548 845 llcc
1561 806 1680 862 quoque
1691 789 1772 862 quod
1782 789 1829 847 Dei

1003 876 1135 948 predixit
1151 876 1289 944 samalus,
1302 877 1343 932 rei
1361 881 1462 949 postca
1477 877 1611 949 probavit
1624 883 1760 933 eventus.

1037 965 1082 1019 xl.
1096 964 1225 1023 Comitem
1235 974 1324 1021 sartut.
1338 999 1371 1007 —-
1384 967 1414 1022 lu
1426 966 1604 1022 Alamanniae
1615 967 1754 1040 partibus
1765 984 1829 1040 qne

1002 1053 1070 1108 dam
1087 1060 1216 1126 tempere
1227 1072 1294 1110 cnm
1306 1061 1479 1124 moraretur,
1487 1057 1512 1128 ej
1518 1073 1551 1111 us
1560 1057 1704 1112 adventus
1715 1073 1829 1113 rumore

1003 1143 1162 1207 diffamato,
1174 1144 1694 1215 adeumcujusdamcomitisconcita
1700 1146 1828 1218 pervenit

1002 1230 1117 1302 legatio.
1136 1232 1175 1286 Ex
1186 1232 1272 1305 lango
1284 1250 1411 1305 namque
1423 1237 1551 1306 tempore
1563 1233 1722 1306 praedictus
1733 1250 1828 1290 comcs

1002 1318 1094 1375 nimia
1109 1320 1329 1393 deprimebatur
1344 1321 1528 1395 egritudine,
1544 1339 1607 1395 quaa
1622 1322 1758 1395 quotidie
1780 1339 1829 1395 per

1003 1413 1161 1480 augmenta
1174 1425 1361 1466 succrescens
1377 1410 1517 1480 noxia,ita
1530 1415 1625 1469 totum
1641 1410 1829 1484 corpusinie·

1002 1502 1089 1565 cerat,
1106 1501 1139 1553 at
1153 1514 1206 1554 nec
1220 1499 1254 1554 de
1269 1497 1345 1554 lecto
1359 1515 1489 1572 surgere,
1509 1515 1561 1556 nec
1575 1516 1611 1556 ex
1626 1515 1686 1556 uno
1701 1497 1734 1554 in
1750 1497 1826 1555 aliud

1002 1602 1032 1641 se
1048 1584 1126 1642 latus
1141 1587 1284 1658 potuisset
1300 1592 1422 1643 vertere.
1439 1586 1528 1644 Cibus
1543 1592 1572 1643 ct
1586 1590 1675 1660 potus
1690 1587 1734 1644 ita
1748 1591 1828 1644 eraut

1002 1673 1129 1743 fastidio,
1147 1674 1225 1746 equod
1241 1692 1347 1748 corpus
1362 1675 1454 1731 nimio
1469 1674 1663 1732 simulacrum
1682 1673 1828 1733 videretur

123 1768 165 1825 ait
176 1765 359 1840 Evangelista
375 1783 382 1820 :
399 1765 540 1822 Descendit
549 1780 609 1820 eam
625 1764 684 1820 iltis
694 1763 839 1828 Noaarctli,
850 1772 876 1820 et
889 1772 948 1821 erat
997 1762 1121 1834 jejunio.
1139 1763 1206 1818 ldeo
1222 1764 1258 1818 ad
1274 1762 1393 1819 beatum
1417 1763 1512 1820 virum
1535 1762 1649 1821 directa
1672 1764 1825 1838 legatione,

122 1856 246 1913 aciditas
262 1855 328 1911 itte.
343 1852 372 1911 Si
384 1854 471 1909 matri
482 1869 514 1909 sc
524 1852 650 1924 subjecit
660 1852 709 1924 qui
722 1854 945 1924 perpotentiam

123 1944 284 2001 divinitatis
299 1943 398 1999 omnia
413 1942 491 2010 fecit,
508 1947 536 1996 te
552 1942 587 1996 ab
604 1940 653 1995 illo
667 1940 715 1995 vili
738 1943 897 1997 formatum
913 1960 947 1998 ex

124 2033 185 2089 luto
197 2032 227 2088 in
243 2036 365 2088 matrem
381 2029 532 2102 superbire
547 2045 600 2083 cur
614 2028 690 2083 elata
704 2029 850 2100 persuasit
873 2048 945 2102 prar-

123 2122 276 2194 sumptio?
290 2143 304 2172 »
320 2120 363 2175 Aa
379 2119 453 2175 hanc
465 2118 623 2191 imperator
634 2133 733 2172 vocem
744 2117 854 2173 irarum
867 2119 946 2174 llam-

123 2228 188 2267 mas
203 2214 379 2282 temperans,
391 2207 643 2264 immanissimum
655 2206 944 2279 surorem'dcposuit,

10 2333 17 2345 ι
123 2299 272 2373 patrisque
289 2297 384 2354 Maioli
396 2296 944 2370 peremniaseobtemperaturumjas·

122 2388 164 2445 sis
172 2386 387 2461 perhibuit.Pr0
391 2385 526 2459 jussione
535 2385 654 2441 tandem
664 2384 843 2440 sanctissimi
853 2386 946 2458 patris

121 2480 188 2532 anm
203 2480 328 2532 matrem
344 2479 377 2531 ut
390 2474 480 2543 venit,
498 2472 560 2530 suis
576 2490 607 2529 se
621 2473 753 2547 vestigiis
769 2475 901 2547 projecit,
917 2479 946 2531 ct

121 2564 148 2620 ei
162 2565 327 2638 obsequens
342 2567 376 2620 ut
385 2562 472 2623 matri
484 2562 561 2618 filius
574 2562 604 2617 in
616 2561 697 2618 nullo
710 2579 775 2618 cam
787 2563 945 2621 offendisse

121 2654 257 2726 deinceps
273 2657 319 2709 est
329 2653 476 2710 inventus.
490 2651 573 2707 Hunc
585 2651 682 2724 itaque
692 2651 743 2724 qui
755 2651 831 2707 inter
841 2657 946 2708 morta-

120 2741 162 2798 les
177 2758 315 2798 sanamus
331 2741 468 2815 princeps
492 2739 649 2809 eminebat,
668 2756 755 2812 quem
780 2740 816 2796 ad
841 2741 944 2797 matris

120 2831 307 2889 concordiam
322 2829 475 2887 convenire
492 2828 592 2885 nullus
607 2829 743 2898 audebat,
760 2830 796 2885 ab
812 2828 867 2885 hoc
882 2847 944 2886 sce·

121 2920 189 2989 lere,
206 2921 284 2993 quod
300 2919 383 2975 facile
394 2918 488 2992 potuit
499 2934 692 2989 compescere,
700 2918 847 2990 matrique
857 2919 943 2976 satis·

119 3012 223 3078 l'ncero,
240 3013 270 3065 et
284 3009 308 3065 ci
325 3013 358 3065 ut
372 3007 607 3080 consequebatur
630 3006 749 3062 obedire
772 3006 833 3063 solo
854 3007 942 3079 jussu

118 3097 230 3169 coegit,
246 3095 357 3169 liquido
373 3095 472 3163 claret,
490 3094 568 3150 bunc
579 3110 685 3167 magno
697 3095 804 3150 mentis
815 3095 943 3152 culmine

1000 1852 1064 1921 ejus
1077 1850 1213 1922 pietatem
1221 1850 1345 1923 supplici
1354 1851 1826 1926 postulavitdcvotioue,quatenus

1001 1955 1034 1993 cx
1049 1939 1096 1995 bis
1111 1957 1174 2011 que
1191 1941 1226 1995 ad
1241 1941 1351 1995 victum
1367 1941 1518 2014 preprium
1530 1941 1581 1997 Dei
1595 1943 1778 2015 parabantur
1787 1942 1825 1999 ta·

1002 2027 1091 2095 mulo,
1109 2045 1169 2083 suar
1185 2029 1397 2085 imbecillitatis
1413 2030 1824 2088 subvenireturincommodo.

1001 2116 1058 2171 Hae
1074 2115 1172 2189 itaque
1187 2115 1331 2189 legatione
1348 2119 1383 2173 ab
1400 2135 1433 2174 eo
1450 2119 1498 2192 qui
1514 2119 1679 2176 visceribus
1691 2120 1824 2177 affluebat

1001 2204 1217 2274 misericordia,
1229 2223 1334 2277 panem
1344 2223 1400 2278 quo
1409 2208 1582 2264 vescebatur
1592 2225 1662 2264 cum
1673 2208 1823 2283 amigdalis

1001 2297 1029 2349 ot
1043 2292 1196 2350 odoriferis
1211 2294 1341 2367 suscepit
1355 2293 1524 2369 pigmentis.
1541 2297 1624 2354 Tunc
1634 2296 1688 2353 Dei
1699 2296 1824 2354 famulus

1000 2382 1036 2438 ad
1051 2399 1120 2438 suos
1139 2399 1298 2439 conversus
1313 2399 1320 2439 ε
1337 2405 1350 2434 «
1365 2384 1583 2456 Familiaritate,
1600 2385 1710 2459 inquit,
1729 2392 1824 2443 nostra

1000 2471 1073 2528 fleus
1082 2470 1268 2528 hocistesuis
1278 2471 1409 2545 deposcit
1423 2472 1724 2548 precibus,quatenas
1733 2476 1822 2532 omni·

1000 2563 1103 2633 potens
1118 2559 1249 2617 Medicus
1267 2559 1294 2617 ei
1318 2561 1425 2618 nostris
1447 2562 1602 2619 subveniat
1629 2563 1823 2621 orationibus.

1000 2648 1067 2705 ldec
1083 2648 1241 2722 flagitanda
1253 2654 1298 2706 est
1309 2650 1359 2707 Dei
1371 2649 1601 2724 clementiaque
1612 2651 1761 2709 sublevari
1771 2668 1824 2709 me

999 2743 1097 2793 rentur
1110 2737 1240 2811 corporis
1253 2738 1398 2795 molestia.
1416 2739 1520 2796 Potens
1536 2746 1581 2798 est
1596 2740 1677 2797 enim
1703 2739 1754 2799 ille
1778 2741 1822 2815 qui

999 2826 1090 2900 reguli
1108 2825 1202 2882 fllium
1218 2844 1351 2883 sermone
1367 2827 1480 2884 sanavit
1490 2827 1820 2901 imperiali,buncnobis

999 2915 1818 2993 absentibuspristinaerestitueresospitati.»Moxinque

998 3008 1031 3059 ut
1046 3004 1089 3058 vir
1104 3003 1154 3059 Dei
1170 3020 1237 3059 cum
1254 3004 1394 3060 tratribus
1408 3005 1573 3061 sacrationi
1584 3005 1818 3089 dedit,extemplo

998 3092 1049 3165 qui
1065 3093 1166 3148 aberat
1181 3092 1327 3150 meliorari
1338 3097 1435 3165 coepit.
1446 3093 1562 3151 lleversi
1572 3111 1639 3152 vero
1648 3095 1701 3168 qui
1712 3095 1820 3152 luerent

119 3186 256 3258 potestati
271 3185 411 3241 inherere
425 3200 569 3257 superna,
586 3199 645 3255 qua
660 3183 799 3255 preditus
815 3183 887 3240 illud
904 3172 978 3240 sall
998 3181 1112 3249 directi,
1128 3199 1161 3238 ea
1177 3181 1320 3255 horaque
1334 3200 1351 3238 a
1365 3183 1426 3237 viro
1441 3182 1492 3239 Dei
1508 3189 1707 3254 recesserunt,
1725 3183 1819 3241 melio·

118 3289 183 3328 ocra
197 3273 292 3344 potuit
304 3273 436 3345 jussione
452 3273 529 3344 quod
546 3269 644 3326 nullus
661 3273 779 3344 aggredi
796 3278 943 3329 aususest

118 3361 342 3434 supplicatione.
359 3360 440 3428 Quod
464 3359 542 3415 eninr
559 3359 599 3414 illi
617 3359 783 3430 inhaeserat,
799 3362 845 3416 cui
870 3362 942 3417 nibil

118 3455 163 3507 est
179 3449 370 3522 impossibile,
383 3449 446 3505 ideo
459 3449 495 3505 ab
506 3466 539 3505 co
551 3448 658 3505 meruit
667 3449 843 3523 acciperent
854 3452 943 3525 hujus

120 3537 166 3594 sui
181 3537 383 3594 dominaretur
401 3536 510 3609 jussio,
523 3538 609 3609 cujus
634 3541 779 3594 terrarum
795 3540 943 3613 principes

119 3626 352 3698 subjiciebantur
366 3626 506 3683 dominio.

152 3714 185 3771 x.
200 3713 303 3772 Ottonis
317 3715 331 3770 l
342 3723 455 3772 avertem
468 3715 602 3788 partae,
616 3715 680 3772 cleia
694 3717 853 3773 securali-
864 3718 943 3774 lutor

116 3808 219 3861 cetera
233 3804 379 3878 siquidem
387 3803 602 3876 miraculaque
613 3805 756 3862 Dominus
767 3807 943 3878 operabatur

116 3893 153 3950 ad
167 3894 350 3951 ostendenda
364 3894 439 3949 servi
453 3893 499 3949 sui
519 3892 632 3963 merita,
652 3893 757 3967 spiritu
782 3895 940 3968 prophetie

116 3981 255 4055 dignatus
270 3987 315 4038 cst
330 3982 455 4050 erudire,
468 3985 500 4037 ut
511 3987 632 4039 ventura
642 3982 750 4057 sapius
761 3984 941 4057 praediceret,

116 4074 146 4126 et
161 4070 294 4126 absentia
317 4070 520 4143 presentibus,
537 4070 623 4144 quasi
647 4073 811 4145 prasentia,
828 4075 940 4131 denun-

116 4157 942 4232 tieretouodamtemporedumltemarediret,lratribus

116 4263 184 4302 cum
200 4247 308 4320 quibus
323 4247 378 4304 iter
392 4249 541 4320 carpebat,
552 4241 707 4322 suspirans
724 4267 792 4307 cam
803 4250 941 4326 lacrymis

115 4335 287 4396 dixitzllac
312 4342 395 4394 nocte
424 4354 475 4409 per
504 4353 640 4394 somnum
669 4338 781 4397 leonem
807 4339 941 4397 videbam

115 4424 941 4499 immanissimamquielnususincaveacatenaconstrin-

998 3270 1055 3326 rari
1072 3271 1195 3342 coepisse
1210 3288 1297 3327 suurn
1312 3272 1465 3328 dominum
1482 3278 1691 3346 cognoverunt.
1703 3273 1818 3330 Posthac

998 3375 1119 3415 munere
1135 3359 1189 3414 viri
1203 3359 1252 3416 Dei
1265 3377 1295 3416 so
1310 3360 1427 3430 cibavit,
1438 3367 1465 3417 et
1476 3362 1548 3417 adeo
1558 3360 1673 3436 integra
1684 3362 1816 3437 sospitate

997 3448 1155 3516 convaluit,
1173 3452 1215 3517 nt,
1236 3450 1338 3521 paucis
1362 3449 1545 3523 interpositis
1567 3450 1685 3520 diebus,
1701 3451 1766 3525 ipse
1787 3450 1815 3508 od

998 3538 1116 3593 beatum
1133 3553 1267 3611 pergens,
1284 3539 1348 3611 ejus
1363 3538 1494 3612 vestigiis
1513 3538 1671 3597 advolutus
1698 3541 1814 3597 immen-

997 3643 1046 3682 sas
1064 3643 1114 3698 pro
1131 3625 1272 3682 beneficio
1288 3627 1399 3700 gratias
1415 3626 1558 3684 retulerit.

1033 3715 1092 3771 Xll.
1109 3715 1171 3770 Atia
1185 3717 1408 3772 miracala-ln
1419 3716 1568 3773 Vivarensi
1584 3717 1627 3791 (de
1644 3719 1759 3793 Vioicrs]
1771 3718 1812 3777 eli·

997 3810 1074 3861 mate
1089 3805 1224 3877 quadam
1239 3805 1347 3862 nobilis
1371 3810 1505 3862 matrona
1526 3805 1615 3880 longa
1639 3809 1812 3867 afficiebatur

997 3894 1179 3967 egritudine.
1197 3893 1261 3950 llaec
1276 3895 1306 3949 in
1322 3894 1415 3951 sancti
1431 3895 1582 3954 Saturnini
1597 3896 1706 3961 cellula
1730 3899 1811 3955 virum

996 3983 1047 4040 Dei
1063 3983 1170 4040 morari
1189 3988 1221 4038 ut
1236 3984 1389 4056 comperit,
1401 4001 1469 4041 mox
1478 4002 1545 4042 cum
1557 4003 1612 4042 sun
1622 3985 1769 4061 legatione
1777 3989 1812 4044 dc

996 4089 1114 4145 poscere
1126 4071 1250 4141 studuit,
1259 4090 1365 4146 aquam
1378 4074 1432 4130 sibi
1441 4075 1478 4130 nd
1489 4075 1688 4134 hauriendum
1699 4082 1732 4134 nt
1741 4079 1812 4134 bene

995 4161 1115 4230 diceret,
1131 4164 1160 4216 et
1172 4162 1208 4217 nd
1221 4163 1390 4236 aagendam
1402 4162 1457 4219 olei
1469 4162 1689 4243 liquorem,suoe
1700 4166 1810 4224 nexare

997 4249 1081 4323 signo
1096 4250 1312 4308 sanctificatum
1328 4252 1475 4326 dirigeret.
1491 4253 1556 4309 Hac
1570 4271 1635 4327 qua·
1652 4255 1811 4329 petiitavirc

996 4339 1047 4395 Dei
1063 4338 1211 4413 percipere
1233 4344 1265 4397 ut
1289 4341 1405 4412 meruit,
1431 4340 1509 4399 illice
1535 4344 1671 4401 recedere
1696 4341 1812 4419 eorporis

997 4427 1132 4484 molestia
1146 4434 1174 4484 el
1189 4430 1226 4485 ad
1238 4430 1396 4503 pristinum
1412 4432 1541 4488 cilicium
1557 4433 1598 4490 ita
1613 4435 1744 4508 reparari
1767 4448 1811 4489 ce

113 4515 238 4587 gebatur
256 4515 365 4584 serrea3
379 4519 408 4571 et
430 4515 493 4571 ideo
517 4514 721 4573 indubitanter
749 4518 848 4575 sciatis
871 4518 942 4591 quia
957 4542 980 4606 D
997 4522 1103 4590 perant
1119 4519 1252 4575 membra
1266 4519 1447 4594 languentia,
1463 4525 1495 4577 ut
1509 4521 1632 4596 depulsa
1652 4523 1813 4598 aegritudine

116 4602 182 4660 Otto
197 4604 356 4677 imperator
370 4603 424 4660 hoc
440 4620 516 4660 anno
532 4604 620 4661 rebus
636 4606 754 4661 excedet
777 4605 916 4664 humanis
933 4624 939 4664 :
997 4606 1039 4663 sic
1054 4607 1185 4681 proxime
1201 4611 1332 4682 ternpore
1348 4615 1406 4667 tota
1423 4609 1532 4667 valeret
1546 4627 1679 4685 corpore,
1692 4630 1726 4669 ac
1736 4612 1761 4668 si
1776 4626 1814 4667 ae

115 4693 193 4764 quod
216 4694 258 4750 ita
280 4694 320 4751 rei
345 4693 478 4767 probavit
507 4701 637 4749 eventus.
654 4695 684 4750 In
706 4695 836 4766 proximo
862 4697 940 4752 enim

116 4780 295 4838 Provinciam
312 4800 456 4851 reversus,
470 4783 568 4854 ibique
584 4783 613 4837 in
626 4784 753 4855 quadam
770 4801 824 4840 sua
836 4783 942 4842 cellula

114 4869 216 4942 paucis
232 4872 336 4928 diebus
352 4889 548 4940 commorans,
565 4870 679 4945 legatus
704 4888 738 4927 ex
761 4871 939 4930 Alamanniae

114 4960 248 5032 partibus
263 4961 445 5034 advenit,qui
458 4963 609 5032 praefatum
621 4961 826 5034 imperatorem
838 4964 874 5019 ab
885 4964 939 5020 hac

115 5049 174 5105 vita
189 5049 331 5122 migrasse
346 5050 461 5105 detulit.
479 5050 534 5106 Sed
551 5051 628 5105 sicut
643 5051 687 5105 vir
711 5051 761 5105 Dei
787 5053 938 5109 absentem

116 5153 177 5194 rem
186 5142 337 5210 tamquam
346 5144 519 5212 praesentem
531 5144 598 5194 tuno
608 5139 747 5196 fratribus
759 5140 941 5216 retulitque·

116 5225 194 5282 uiam
211 5225 395 5299 imperatoris
412 5228 521 5302 magni,
534 5226 601 5285 licet
616 5227 701 5301 longe
712 5229 938 5301 positi,mortem

115 5313 244 5370 innotuit
260 5332 266 5369 ε
285 5315 325 5371 itu
339 5321 441 5389 postea
453 5317 546 5389 ipsius
563 5315 633 5386 utto,
644 5318 730 5391 cujus
742 5320 940 5391 supraretuli·

116 5420 193 5472 mus,
210 5406 287 5461 sieut
302 5405 434 5479 contigit,
451 5405 570 5463 Verona
586 5407 621 5464 de
632 5425 685 5465 suo
698 5408 779 5464 obitu
794 5409 937 5481 praedixit.

115 5492 188 5550 Nam
204 5511 309 5550 uranus
326 5496 509 5568 imperatoris
520 5500 660 5568 utrasque
670 5497 731 5554 suis
742 5496 938 5571 complectens

117 5583 253 5642 manibus
267 5584 374 5660 tenuit,
390 5585 512 5665 ejusque
527 5585 640 5646 vultum
665 5587 861 5667 complectens
873 5588 936 5648 ait:

995 4701 1042 4751 tea
1055 4696 1167 4753 nullius
1182 4698 1365 4770 agritudinis
1383 4699 1550 4757 inficeretur
1564 4707 1657 4774 peste.

1030 4787 1101 4842 Xlrl.
1119 4788 1174 4843 Sed
1191 4793 1219 4843 ot
1234 4786 1306 4844 illud
1334 4790 1478 4862 supprimi
1505 4807 1563 4859 non
1587 4791 1672 4847 dccet
1696 4790 1813 4855 silentio,

995 4877 1071 4947 quod
1084 4877 1148 4947 ejus
1161 4894 1248 4948 quem
1258 4878 1399 4951 sospitate
1410 4878 1621 4949 donavil,beati
1630 4880 1686 4935 viri
1696 4877 1815 4937 visitatio

995 4965 1136 5022 hactenus
1153 4965 1258 5022 celebri
1275 4968 1446 5024 diffamatur
1457 4967 1816 5026 testimoniavocaturhic

995 5054 1817 5132 nomineproprioHildebrannus,ctabollieiiagnourinc

996 5143 1322 5201 blonetarius.0fficium
1336 5162 1462 5217 namque
1473 5146 1551 5218 quod
1562 5146 1751 5221 agebat,plus
1761 5145 1819 5203 suis

995 5232 1145 5290 sodalibus
1161 5234 1431 5291 uedeterioraretur
1441 5235 1819 5310 custodiebat.l2tquouiam

994 5321 1078 5378 bouis
1095 5322 1221 5394 pollebat
1238 5323 1379 5391 moribus,
1397 5323 1461 5379 ideo
1476 5323 1561 5380 beate
1576 5325 1638 5381 viro
1658 5326 1747 5399 coepit
1760 5340 1820 5382 esec

994 5411 1138 5484 cognitus.
1156 5411 1206 5468 Hie
1223 5410 1362 5485 languore
1373 5413 1820 5488 correptusccrporeo,laborarc

993 5502 1080 5573 erupit
1097 5500 1189 5558 multo
1213 5501 1413 5559 incommodo.
1431 5503 1484 5570 Qui
1509 5503 1580 5559 dum
1605 5519 1637 5559 se
1661 5510 1822 5561 cornerctc

993 5588 1134 5670 languore
1150 5607 1208 5648 non
1224 5590 1379 5665 sublevari,
1393 5593 1444 5653 scd
1460 5597 1608 5653 crescente
1622 5592 1755 5673 corporis
1765 5607 1822 5652 mo·
