3900 6090
128 287 203 351 llll
529 286 793 349 lith'lSUl'lllAE
815 252 1005 359 MONlllhlS
1028 286 1428 352 CANDllllSHEllllllNSlS

555 420 696 493 Qualiter
710 426 742 482 et
757 419 881 481 reniam
896 418 1011 503 meruit
1032 418 1205 482 scelerosus
1218 422 1398 484 amandam.

632 509 841 587 Congaudens
856 507 992 569 modulis
1008 508 1135 570 succino
1150 505 1324 590 dactylicis.

582 601 737 680 Sparncre
753 615 832 678 ques
848 596 924 670 noli,
941 597 1062 658 nimiun
1078 616 1148 659 cum
1165 599 1229 660 sint
1243 600 1359 676 vitiosi,

688 688 747 750 Sed
764 686 860 748 laude
875 687 944 747 mili
962 691 1088 766 pectore
1105 689 1187 750 tacta
1201 691 1269 750 Dei.

682 959 908 1030 PllAEFATIO
934 959 978 1029 lN
1004 959 1266 1032 PROTEllthl.

126 1165 180 1232 Qui
195 1165 264 1221 velit
277 1166 444 1239 exemplum
459 1166 547 1222 venian
563 1164 770 1236 comprendere
783 1164 906 1230 certum,
965 1161 1064 1230 AScd
1081 1178 1165 1234 mage
1178 1162 1326 1219 coelestem
1342 1165 1448 1222 Christi
1463 1167 1562 1225 laudat
1577 1171 1734 1242 pictatem,

126 1255 184 1311 Nec
199 1270 256 1310 nen
272 1253 354 1328 larga
369 1254 419 1311 Dei
436 1254 553 1326 pictatis
568 1269 691 1308 munera
706 1251 817 1323 magni,
1007 1250 1059 1316 Qui
1076 1267 1134 1306 nen
1149 1250 1211 1307 vult
1227 1252 1317 1326 digna
1331 1259 1483 1326 peccantes
1497 1259 1618 1330 perdere
1632 1278 1735 1333 poena,

126 1342 243 1399 Pectore
258 1343 417 1400 versiculos
433 1343 582 1399 submisso
599 1341 728 1415 perlegat
743 1340 826 1406 istoc,
1007 1340 1062 1396 Sed
1078 1338 1145 1411 plus
1160 1347 1305 1413 perpetum
1322 1360 1475 1402 conversos
1491 1347 1610 1406 reddere
1625 1351 1704 1407 rite.

125 1421 183 1488 Nec
199 1431 331 1505 fragilem
347 1432 413 1489 vilis
428 1450 528 1488 sexum
545 1434 664 1503 spernat
678 1428 822 1496 mulieris,
1007 1427 1143 1484 Gaudens
1158 1430 1307 1502 gaudebit,
1324 1434 1528 1505 quadrarum
1544 1441 1632 1507 staro,
1649 1441 1803 1512 probabit,

124 1522 193 1589 Qua
207 1520 303 1597 fragili
319 1521 453 1580 modulos
469 1520 581 1578 calamo
597 1523 764 1577 cantaverat
778 1519 870 1584 istos3
1007 1515 1145 1589 Quisquis
1160 1524 1335 1590 presentem
1349 1527 1549 1594 perscrutatur
1563 1527 1724 1586 rationem.

772 1808 1182 1903 ARGUMENTUM

156 2026 234 2083 MC
248 2027 313 2080 Erue
326 2026 369 2080 eir
386 2023 496 2096 quietem
509 2023 620 2088 nolitis,
637 2022 775 2078 Pretorius
791 2020 910 2086 nemine,
928 2017 1107 2075 Caesuricnsis
1131 2021 1249 2086 ciuitate,
1263 2022 1294 2075 tn
1311 2021 1375 2077 Asin
1393 2023 1501 2093 itineri,
1518 2028 1685 2085 adurimus.
1705 2031 1733 2087 lu
1748 2033 1837 2105 filiam

120 2099 269 2167 speciosum
282 2103 308 2151 et
321 2098 432 2150 unicum
446 2095 550 2158 babuit,
566 2094 775 2165 qnumcnrtr'tutt
789 2091 903 2146 deuouit.
920 2091 987 2146 Erat
1002 2091 1046 2144 itlr'
1069 2107 1164 2145 scruas
1193 2091 1409 2165 debentneque,
1435 2113 1528 2153 emere
1605 2101 1657 2158 lla?
1681 2114 1835 2177 correptus,

120 2167 229 2237 idapem
237 2167 339 2232 adibat,
355 2182 437 2237 super
451 2166 585 2221 connubio
599 2166 698 2236 puelle
712 2164 865 2219 cousulens.
881 2162 906 2216 lc
921 2161 1059 2232 raporum
1071 2178 1100 2217 se
1117 2164 1184 2217 uelle
1211 2165 1312 2234 paellae
1341 2168 1467 2222 aetrnum
1490 2170 1548 2240 imp
1576 2188 1615 2239 re,
1631 2180 1659 2229 et
1677 2191 1837 2234 anserem

121 2240 249 2294 insanam
276 2237 396 2303 reddere,
413 2238 626 2308 strenuumque
648 2237 772 2290 err-inrum
789 2233 897 2289 diabole
922 2233 1070 2289 ‹leueuerct
1088 2232 1192 2288 terruit
1217 2251 1324 2298 smnus,
1346 2236 1461 2310 raeque
1490 2239 1672 2314 chirographo
1701 2244 1834 2317 dmoni,

119 2309 213 2382 puella
221 2311 333 2380 potttcr,
349 2310 452 2380 naptioe
466 2308 646 2364 celebrentur.
658 2309 753 2362 Postea
767 2313 857 2360 cratera
873 2321 954 2376 quam
967 2304 1062 2374 puella
1077 2307 1207 2376 mrapcrr't
1223 2306 1304 2361 ittam
1318 2306 1515 2366 daemonibus
1535 2311 1671 2381 denotem,
1688 2321 1835 2383 mamm.

121 2381 166 2436 m'r'
179 2380 410 2508 diuortp'umwpetit,
427 2381 458 2434 in
471 2380 613 2434 ecclesiam
626 2378 709 2447 ducit,
725 2385 751 2434 et
763 2394 781 2433 a
794 2383 886 2433 sancto
914 2376 1018 2431 Basilio
1045 2375 1242 2449 chirographus
1266 2394 1282 2433 o
1298 2378 1420 2435 demone
1433 2384 1575 2454 repetitur,
1593 2386 1643 2444 itte
1657 2387 1728 2459 fidei
1742 2390 1834 2448 Chris-

124 2453 211 2509 tiana
224 2459 251 2508 et
286 2469 314 2508 cc
355 2454 390 2508 iae
404 2453 568 2507 restituitur.

498 2697 944 2897 anrurun
1000 2697 1457 2842 urseceni.

157 2925 310 2996 Tempore,
327 2922 453 2979 Basilius
468 2939 536 2995 quo,
551 2921 595 2976 vir
608 2920 767 2977 virtutibus
782 2918 888 2985 almus,
962 2918 986 2984 B
1004 2915 1041 2972 Ut
1055 2934 1136 2973 serve
1152 2920 1275 2992 proprie
1285 2922 1410 2996 jungam
1427 2925 1573 2982 consortia
1587 2927 1717 2986 domato.

122 3012 246 3069 Rexerat
259 3011 418 3069 Ecclesiam
431 3013 514 3083 justo
530 3010 729 3066 moderamine
745 3012 890 3074 sanctam,
1004 3007 1069 3073 Sed,
1086 3007 1109 3062 si
1124 3007 1177 3063 rite
1192 3026 1256 3066 meo
1272 3012 1381 3084 satagis
1396 3030 1496 3084 parcre
1513 3018 1667 3088 magistre,

122 3102 226 3160 &dem
241 3100 363 3157 rectoris
378 3101 498 3156 sortitus
514 3099 710 3162 Caesariensis,
1003 3096 1056 3161 Qui
1073 3095 1208 3171 princeps
1224 3103 1398 3156 aeternarum
1414 3108 1529 3160 constat
1545 3107 1752 3180 tenebrarum,

120 3190 173 3246 Vir
187 3189 259 3245 satis
273 3187 398 3245 illustris
414 3188 538 3262 degebat
552 3188 685 3260 partibus
700 3185 768 3253 illis,
1004 3184 1067 3257 lpse
1082 3188 1178 3257 potest
1193 3192 1270 3243 certe
1285 3189 1430 3261 complere
1446 3195 1530 3248 tuum
1547 3193 1605 3250 cito
1619 3196 1706 3267 velle,

121 3277 245 3335 Nomius
260 3277 418 3345 Pretorius,
435 3293 532 3332 comcs
547 3275 624 3348 plebi
639 3275 834 3342 venerandus,
1003 3272 1032 3328 Si
1048 3277 1115 3345 pest
1127 3272 1188 3330 haee
1204 3274 1311 3330 Christi
1329 3294 1437 3334 numen
1454 3296 1511 3335 nan
1525 3280 1569 3337 ris
1584 3286 1733 3341 venerari.

121 3365 277 3423 Nobilitate
292 3369 408 3438 petens,
426 3365 531 3437 opibus
547 3381 644 3420 rerum
660 3380 776 3435 quoque
790 3361 914 3435 pollens.
1001 3362 1053 3418 Cui
1069 3362 1144 3417 male
1159 3368 1282 3420 cecatus
1298 3365 1451 3423 bacchanti
1467 3370 1708 3447 cordemiscllus

120 3452 212 3513 Unica
228 3453 347 3510 feminei
363 3470 450 3508 sexus
464 3452 560 3525 proles
576 3452 630 3507 suit
644 3450 698 3520 illi,
1001 3451 1037 3507 Se
1053 3468 1265 3507 consensurum
1280 3455 1400 3510 monitis
1409 3457 1585 3528 promiserat
1599 3460 1678 3518 istis.

120 3541 178 3599 Nee
193 3541 269 3601 alius
283 3539 485 3597 subsuntiole
502 3541 612 3597 mansit
627 3539 684 3596 sibi
699 3555 812 3611 magne
1001 3542 1084 3596 Tunc
1100 3557 1204 3615 magus
1219 3541 1275 3597 iste
1290 3560 1344 3599 suo
1368 3545 1489 3601 mandat
1512 3548 1668 3607 scribenda
1695 3553 1830 3612 ministro

119 3631 218 3700 lieres,
235 3647 324 3704 quam
340 3634 417 3686 certe
431 3634 530 3687 tenero
546 3630 647 3686 dilexit
661 3646 760 3686 amere
995 3628 1138 3701 Princeps
1153 3629 1268 3700 interni,
1285 3636 1420 3704 regnator
1435 3651 1539 3709 magne
1554 3637 1711 3709 pret'uudi,

118 3721 289 3792 dilectuque
303 3719 362 3792 pie,
380 3736 432 3776 uec
446 3737 503 3776 uon
519 3720 626 3794 pietate
641 3723 762 3792 paterna
1000 3718 1130 3773 Concede
1145 3734 1213 3791 crgo
1229 3723 1296 3775 tuos
1312 3737 1428 3793 semper
1442 3726 1553 3780 tentare
1568 3726 1736 3798 ministrae,

119 3810 243 3884 Opiane,
257 3807 325 3882 plus
340 3809 470 3864 animam
487 3812 571 3876 natea,
589 3825 741 3880 nunquam
759 3807 943 3875 morituram,
1000 3805 1029 3863 Si
1046 3807 1160 3879 possint
1175 3806 1299 3879 aliquos,
1317 3809 1405 3865 lentis
1421 3811 1599 3884 baptismate
1614 3814 1705 3889 lotos,

118 3897 222 3963 Omani
237 3897 363 3971 gemmis
377 3898 511 3970 perlecta
527 3897 712 3968 virginitatis,
999 3895 1155 3969 Assignuro
1171 3896 1233 3965 tibi,
1251 3898 1416 3955 subtractas
1429 3901 1465 3956 de
1479 3918 1565 3976 grege
1581 3903 1705 3976 Christi,

117 3990 212 4055 Quam
226 4003 333 4060 corpus
349 4003 456 4059 pompa
471 3986 574 4041 mundi
591 3985 713 4042 mortale
728 3986 848 4042 caduca.
1000 3984 1047 4051 Ut,
1064 4001 1127 4057 quae
1143 3989 1171 4040 te
1186 3986 1327 4057 sequitur,
1345 4004 1463 4061 semper
1477 4006 1545 4062 pars
1560 3991 1789 4067 multiplicetur.

118 4076 237 4133 Curavit
251 4075 343 4133 sacris
356 4075 451 4148 ipsam
467 4075 577 4131 sociare
592 4074 708 4146 puellis,
884 4089 891 4103 ’
1000 4076 1072 4130 llinc
1088 4075 1140 4130 tihi
1157 4091 1284 4147 namque
1298 4075 1393 4132 virum
1410 4079 1477 4134 misi
1492 4082 1626 4153 gaudeus
1637 4085 1715 4144 satis
1730 4085 1829 4157 istum,

118 4166 197 4234 One,
214 4163 392 4236 consignata
408 4163 523 4219 Christo
538 4163 681 4219 velamine
696 4180 788 4231 sacro,
999 4165 1070 4236 lljus
1085 4164 1362 4237 propositumque,
1380 4183 1447 4222 mcx
1472 4170 1646 4243 complendo
1672 4182 1831 4244 secretum,

117 4251 248 4312 Coencbii
262 4251 399 4310 claustris
414 4252 523 4325 puriter
535 4255 688 4308 servantur
702 4251 731 4306 in
748 4251 828 4308 artis.
959 4282 981 4348 G
1001 4254 1100 4326 Ipsum
1116 4251 1293 4324 discipulum
1311 4253 1400 4309 iacias
1416 4255 1468 4310 tibi
1483 4256 1537 4312 rite
1553 4257 1702 4317 futurum.
1748 4260 1830 4338 [tam

153 4343 259 4400 Doctor
273 4342 324 4399 sed
340 4340 494 4410 scelerum,
512 4341 562 4412 qui
577 4340 690 4413 decepit
717 4342 942 4414 protoplastum,
1000 4341 1139 4410 Hane,ita
1153 4340 1469 4413 prescriptam,misero
1485 4345 1604 4401 dederat
1618 4364 1741 4423 quoque
1751 4352 1832 4410 cher·

115 4431 294 4503 Detestando
308 4429 362 4487 viri
378 4434 479 4485 votum
495 4428 642 4485 laudabile
654 4429 738 4500 justi,
999 4432 1094 4504 Supra
1109 4430 1226 4503 gentilis
1242 4430 1400 4499 tumulum,
1418 4434 1472 4489 sub
1489 4437 1621 4506 tempore
1636 4440 1745 4508 nectis,

116 4519 379 4593 lpeiusproprium
394 4518 461 4574 tecit
477 4517 635 4573 torrescere
651 4534 766 4573 servum
998 4520 1095 4587 Stans,
1112 4518 1189 4574 erebi
1213 4518 1332 4575 demine
1352 4520 1485 4592 supplex,
1503 4522 1614 4593 dicens,
1631 4526 1722 4586 dabis
1737 4528 1828 4588 illam.

117 4608 150 4669 ln
163 4625 257 4681 ,supra
272 4607 354 4664 dicte
371 4607 522 4664 dementer
537 4623 635 4663 amore
652 4606 764 4678 puelle.
999 4611 1190 4681 Quapropter,
1207 4607 1318 4663 domini
1335 4613 1410 4664 nate
1426 4611 1629 4683 complexibus
1645 4616 1690 4672 uti

117 4697 171 4765 Qui
188 4695 275 4753 nimis
291 4695 400 4765 inlelix,
417 4695 540 4768 spiculis
556 4696 705 4769 perfossus
719 4699 841 4767 ameris,
999 4696 1029 4755 Si
1045 4697 1158 4769 cupias,
1174 4695 1253 4752 licito
1269 4696 1419 4753 Christum
1435 4699 1517 4770 prius
1530 4717 1579 4757 erc
1595 4709 1716 4776 negate.

117 4789 179 4855 Quo
192 4785 288 4859 magis
303 4785 439 4853 ardescit,
456 4789 539 4841 tanto
555 4785 622 4858 plus
637 4785 723 4841 corde
738 4785 867 4844 calescit.
1000 4786 1082 4855 Quod
1099 4802 1167 4841 mon
1181 4789 1360 4859 preceptum
1377 4792 1475 4844 mente
1487 4788 1670 4862 amplectens
1679 4794 1758 4852 mule
1766 4815 1830 4856 sus·

117 4874 276 4947 Indignum
292 4890 323 4931 se
338 4874 474 4947 conjugio
489 4874 624 4929 meminit
638 4874 707 4946 quia
719 4879 812 4943 tanto,
1702 4881 1793 4957 lcum,

116 4966 192 5023 w
209 4964 267 5019 Neo
281 4963 370 5019 audet
385 4963 494 5018 nudare
510 4978 617 5018 norum
633 4962 729 5036 cordis
744 4965 916 5023 cruciatum.
999 4967 1136 5026 Caudcns
1151 4966 1301 5034 tendehat,
1317 4983 1375 5039 qua
1389 4983 1421 5023 se
1435 4984 1540 5042 magus
1556 4968 1597 5025 ire
1608 4969 1749 5043 jubebat,

117 5053 248 5110 Tandem
265 5067 393 5122 namque
404 5068 524 5122 magum
536 5067 669 5122 querens
680 5051 829 5109 invenerat
840 5073 943 5125 unum,
998 5055 1145 5112 Auxilium
1160 5054 1264 5110 veteris
1281 5054 1404 5128 supplex
1418 5058 1529 5113 orando
1542 5059 1692 5131 draconis,

117 5143 268 5199 Secretum
284 5138 331 5196 cui
348 5139 491 5195 maestitia¹
507 5141 680 5195 monstravit
694 5158 810 5211 amara,
999 5144 1151 5202 interitum
1167 5144 1293 5216 prebere
1309 5145 1370 5200 suis
1386 5144 1437 5217 qui
1453 5149 1544 5202 tentat
1559 5147 1675 5204 amicis.

118 5230 293 5286 Promittcns
309 5228 352 5284 illi
367 5246 424 5284 non
437 5230 517 5302 parri
533 5229 610 5284 dena
625 5228 731 5299 lucelli,
996 5235 1052 5290 lllec
1069 5251 1161 5299 mora,
1177 5233 1294 5289 tartarei
1310 5233 1419 5290 cursim
1435 5251 1537 5291 venere
1553 5236 1696 5308 ministri,

117 5319 146 5376 Si
162 5323 293 5374 teneram
310 5318 400 5390 prelis
415 5322 542 5373 mentem
560 5317 667 5390 proprii
685 5320 808 5375 senioris
996 5323 1206 5394 Errantcmque
1223 5322 1294 5377 satis
1309 5321 1366 5378 lati
1383 5323 1490 5380 duxere
1506 5324 1628 5398 maligni

115 5407 187 5478 Ejus
201 5406 298 5462 servili
311 5407 374 5477 jam
390 5406 622 5478 conglutinasset
637 5407 739 5475 amori,
996 5412 1112 5467 Marad
1128 5409 1283 5466 consilium
1299 5410 1416 5468 cludere
1432 5413 1691 5487 tenebricolarum,

115 5493 168 5551 Cui
185 5512 252 5551 mox
266 5511 419 5567 pcrvcrsus
436 5495 546 5550 fraudis
563 5495 678 5550 dicebat
694 5497 817 5554 auricus.
995 5501 1072 5558 148
1084 5500 1145 5556 lllic
1158 5500 1290 5556 inventor
1300 5500 1426 5569 sceleris,
1445 5507 1555 5558 cuncta
1566 5521 1685 5577 quoque
1702 5507 1821 5577 fraudis,

114 5581 189 5659 llam
205 5585 296 5640 fateor
311 5588 398 5640 tanta
415 5602 471 5640 non
488 5600 534 5641 me
548 5584 723 5642 valetudinis
739 5604 813 5655 esse,
954 5575 1185 5649 Dllamnandus
1200 5590 1435 5646 damnandarum
1450 5593 1586 5664 princeps
1602 5591 1766 5667 legionum,
