3900 6090
117 279 176 344 929
705 276 906 370 EPISTOLAE
926 274 977 336 ΕΤ
997 275 1234 340 pulvisculi.
1760 284 1820 349 930

118 428 188 470 cum
212 409 438 466 ultramontanis
463 411 780 484 Langobardorumque
804 410 940 477 ducibus,
956 410 1120 482 Avivente,
1146 427 1199 467 nac
1228 413 1263 468 ab
1293 413 1348 469 alio
1377 416 1599 490 metropolitano
1629 419 1685 474 nisi
1714 419 1819 474 dioeca-

117 500 286 567 comitibus,
312 516 363 554 seu
388 497 498 553 militia
522 499 606 573 copia
629 498 728 555 nimis.
750 501 785 555 Et
809 499 941 555 residen·
996 516 1068 555 sano
1085 501 1224 569 ordinari,
1241 502 1357 558 etiamsi
1377 502 1466 559 talem
1491 505 1588 562 clerus
1612 513 1640 562 ct
1663 507 1746 579 plebs
1769 506 1819 562 cli·

116 595 161 647 tes
185 588 244 645 illic
269 589 305 645 ad
330 588 417 661 pedes
451 586 563 660 prefati
586 587 712 661 Augusti
739 587 942 660 Ermengaudo
996 595 1108 662 gerent,
1126 591 1175 645 sed
1201 590 1290 662 hujus
1314 591 1354 647 rei
1378 594 1518 649 factorem
1546 596 1710 652 secundum
1734 612 1819 652 suam

116 679 223 737 comite
246 677 340 733 filium
363 676 483 732 Borrelli
506 676 730 749 Aquitaniorum
756 675 815 732 sive
837 675 944 732 Gotho·
996 678 1221 750 professionem,
1236 683 1265 734 et
1280 681 1492 737 canonieamet
1507 683 1697 755 apostolicam
1721 689 1819 740 aucto·

117 786 184 825 rum
200 765 384 824 nobilissimo
399 765 568 821 marchione
593 783 660 821 cnm
676 765 867 837 optimatibus
884 764 943 821 siva
997 765 1112 821 ritatem
1125 768 1229 823 debera
1245 768 1357 840 deponi.
1368 770 1426 825 Nos
1437 771 1563 843 denique
1573 772 1741 828 obedientes
1751 790 1821 844 prra-

117 856 231 915 clericis
266 855 338 923 suiS,
366 854 517 926 Arnnlpho
552 856 699 927 episcopo,
731 859 759 909 et
788 853 941 910 Guadnldo
997 855 1474 928 ceptiscanonum,judicantibus
1497 860 1643 932 episcopis
1667 861 1820 930 Romame,

117 948 256 1004 advocato
278 945 425 1018 episcopo,
451 943 481 999 in
507 944 608 999 eadem
637 948 780 999 conventu
805 942 849 997 vel
874 960 942 1015 syn·
998 943 1207 1016 Langobardis‚
1238 949 1266 1000 ct
1294 945 1532 1015 ultramontanis,
1564 948 1764 1004 consentiente
1793 952 1821 1004 et

117 1035 173 1090 odo
203 1033 280 1089 inter
308 1049 339 1087 se
368 1030 580 1087 altercantibus
607 1032 643 1087 de
672 1031 819 1103 episcopia
847 1033 943 1086 Arrso-
993 1030 1146 1102 judicante
1162 1033 1269 1087 damna
1285 1033 1390 1089 Ottane
1405 1035 1579 1106 imperatore
1598 1038 1821 1109 Augusto,jus-

117 1118 640 1190 nensi;Guadaldasereclamante,
659 1122 726 1174 ante
750 1116 943 1190 apostolicam
998 1119 1092 1175 simus
1121 1138 1138 1174 a
1168 1121 1322 1177 Benedicta
1346 1122 1551 1179 archidiacono
1578 1129 1676 1180 nostro
1701 1128 1730 1180 et
1755 1126 1822 1181 itot-

118 1218 147 1269 ct
161 1209 344 1285 imperialem
360 1208 557 1282 presentiam,
574 1210 651 1280 quod
667 1208 822 1281 praedictus
837 1207 942 1263 Arnul-
997 1207 1078 1264 berto
1095 1209 1287 1265 oblationario
1303 1211 1401 1283 ipsum
1423 1211 1609 1267 Guadaldum
1634 1213 1750 1286 deponi.
1767 1213 1821 1280 Qui

119 1303 198 1376 pbus
220 1317 271 1373 per
293 1300 352 1355 vim
381 1302 410 1354 et
438 1297 547 1370 injuste
573 1298 689 1354 tolleret
716 1297 742 1353 ei
771 1298 943 1368 predictum
998 1298 1098 1353 statim
1128 1298 1235 1355 nastris
1256 1301 1392 1372 jussibus
1422 1300 1602 1369 obedientes,
1629 1305 1661 1357 ut
1688 1319 1751 1359 mos
1778 1306 1822 1359 est

116 1394 318 1448 Ausoncnsem
348 1387 561 1460 episcopatum,
590 1405 650 1443 una
673 1403 742 1442 curn
771 1387 944 1460 Raymunda
998 1388 1208 1457 Romanorum,
1228 1390 1396 1446 dedentera
1420 1390 1500 1446 illius
1525 1390 1824 1449 annullumcvcllen·

117 1478 212 1553 ipsius
239 1475 392 1550 provinciae
421 1475 600 1544 marchione,
626 1475 777 1548 Arnnlpbo
807 1476 943 1549 episcopo
997 1480 1051 1544 tes,
1080 1483 1109 1532 et
1136 1478 1248 1550 virgam
1276 1478 1453 1551 pastoralem
1483 1497 1572 1553 super
1607 1485 1696 1554 caput
1726 1482 1822 1555 ipsius

118 1568 313 1641 respondente
328 1565 407 1638 quod
423 1565 449 1620 ei
465 1581 523 1620 non
539 1562 710 1620 abstulisset
734 1565 867 1637 pervim
890 1581 943 1621 nce
999 1564 1176 1639 frangentes,
1201 1572 1230 1623 ct
1258 1565 1391 1624 casulam
1417 1573 1505 1641 atque
1530 1568 1718 1626 dalmaticam
1743 1571 1821 1627 sein·

118 1656 228 1727 injuste
251 1651 424 1727 predictum
448 1651 660 1725 episcopatum,
686 1652 736 1707 sed
758 1653 839 1723 juste
860 1652 943 1709 etlo·
998 1654 1112 1721 dentes,
1140 1659 1169 1711 et
1197 1656 1232 1711 ab
1262 1657 1363 1712 ordine
1404 1657 1591 1728 pontificatus
1621 1675 1688 1715 eum
1718 1660 1822 1733 degra-

119 1743 224 1818 galiter
246 1758 277 1798 se
310 1733 455 1808 obtinere,
482 1744 510 1795 et
535 1758 551 1794 a
577 1740 693 1813 proprio
718 1739 943 1827 metrppolitnno
999 1742 1112 1811 dantes,
1143 1744 1172 1799 in
1209 1749 1317 1800 terram
1350 1746 1452 1800 sedere
1486 1747 1627 1803 focerunt.
1663 1747 1731 1804 Post
1762 1748 1824 1805 bec

101 1831 417 1902 ‘Narbonensicujus
442 1829 575 1886 diocesis
600 1829 851 1897 foredebet,esse
875 1846 943 1885 con·
1000 1832 1099 1887 amnia
1134 1836 1262 1904 peracta,
1293 1835 1401 1889 domno
1430 1834 1605 1906 imperatore
1635 1837 1770 1908 Jubente,
1796 1841 1826 1894 et

120 1925 278 1987 sacratum,
305 1923 333 1975 et
366 1916 551 1974 Guadaldum
577 1917 689 1972 vivente
723 1917 848 1973 Fauiano
877 1934 946 1990 pan·
999 1920 1144 1993 episcopis
1181 1922 1331 1990 Romame,
1363 1923 1573 1994 Langobardis,
1609 1929 1697 1996 atqua
1733 1925 1824 1981 ultra·

119 2012 200 2068 tifrce
223 2007 387 2065 Ausanensi
415 2007 451 2062 ab
475 2004 532 2062 alia
568 2004 793 2078 metropolitano
826 2006 945 2063 Oddone
1000 2009 1375 2081 montanisjudicantibus,
1393 2011 1592 2067 consentiente
1606 2017 1635 2068 et
1646 2012 1825 2070 acclamante

120 2098 220 2158 Gallia
253 2094 406 2170 provincia
441 2093 659 2166 archiepiscopo
688 2093 889 2150 fraudulenter
917 2100 946 2150 et
1000 2099 1203 2172 Ermengaudo
1224 2099 1329 2155 comite
1353 2115 1420 2155 cum
1447 2097 1560 2156 clericis
1582 2105 1611 2156 et
1634 2100 1825 2173 optimatibus

121 2190 233 2261 absque
257 2185 320 2260 lege
341 2184 519 2251 ordinatum,
536 2187 565 2238 at
589 2201 606 2238 a
629 2183 740 2239 Joanne
765 2200 842 2256 papa
864 2188 946 2240 ante·
1001 2189 1051 2260 qui
1081 2189 1116 2244 da
1146 2188 1264 2260 regiona
1293 2188 1344 2244 illa
1368 2188 1409 2243 ibi
1438 2189 1568 2258 aderant,
1597 2207 1656 2246 una
1684 2207 1751 2246 curn
1779 2208 1825 2248 sc·

120 2294 236 2335 cessare
261 2280 361 2333 nostra
385 2278 414 2330 et
436 2291 453 2330 a
479 2276 554 2328 coetu
581 2271 785 2344 episcoporum
810 2273 946 2328 Romana
1002 2281 1071 2333 natu
1097 2282 1124 2333 et
1149 2277 1255 2333 militia
1278 2277 1409 2333 Romana
1438 2278 1698 2350 Langobardorum
1727 2283 1756 2335 et
1785 2279 1827 2335 ul·

120 2364 255 2423 Ecclesia
272 2365 332 2420 siva
356 2362 422 2418 aliis
444 2360 647 2434 compluribus
672 2361 899 2417 condemnatum
919 2366 948 2417 et
1001 2370 1273 2434 tramontanorum,
1309 2364 1461 2438 privilegia
1499 2370 1604 2422 nostras
1643 2368 1825 2424 auctoritatis

120 2454 422 2520 anathematizatum
447 2449 624 2507 reclamante
649 2465 680 2505 se
704 2450 842 2522 predicto
867 2450 944 2523 epis·
1003 2456 1202 2511 confirmanda
1218 2460 1247 2511 et
1266 2455 1480 2511 corroborando
1503 2453 1688 2527 Arnulphum
1711 2472 1826 2529 preno-

121 2561 195 2616 copo
221 2541 357 2609 Fruiano,
383 2557 470 2612 quem
494 2537 663 2595 Guadaldus
687 2537 811 2594 interfici
840 2541 948 2595 fecerat
1003 2545 1148 2600 minatum
1165 2543 1336 2617 episcopum
1360 2544 1389 2598 in
1415 2542 1516 2598 ordine
1537 2543 1697 2615 pontificali
1725 2544 1825 2601 Ecelc-

122 2649 192 2689 cum
221 2633 310 2687 fratre
339 2634 368 2685 et
391 2627 609 2701 consanguinea
637 2643 690 2684 suo
715 2632 743 2683 et
767 2627 832 2683 aliis
856 2627 948 2700 pluri·
1003 2633 1052 2690 sia
1076 2633 1257 2689 Ausonensis
1282 2631 1442 2687 statuimus
1471 2635 1558 2702 atque
1587 2631 1824 2702 sublimavimus,

83 2734 93 2742 ‘
124 2723 192 2778 bus.
216 2720 282 2776 llaec
306 2717 378 2774 talia
397 2717 457 2773 illis
475 2710 658 2787 dicentibus,
683 2715 815 2792 diligenti
839 2717 947 2786 animo,
1004 2721 1206 2794 annulumque
1234 2725 1263 2777 et
1291 2721 1403 2793 virgam
1429 2718 1606 2791 pastoralem
1629 2720 1655 2775 ei
1677 2720 1825 2792 dedimus,

127 2827 196 2868 cum
230 2825 348 2865 summo
380 2805 489 2872 stadio,
517 2805 646 2871 letaniis,
675 2804 798 2878 psalmis
831 2811 859 2862 ct
885 2824 948 2863 ara·
1004 2811 1115 2886 ligandi
1131 2810 1319 2883 solvendique
1343 2813 1517 2882 potestatem
1540 2808 1601 2864 vica
1626 2807 1825 2880 apostolarum

125 2900 256 2958 tionibn
272 2895 532 2964 intercedentibus,
548 2898 576 2950 et
592 2894 679 2950 fidem
705 2894 878 2952 catholicam
903 2916 950 2954 re-
1004 2907 1031 2956 et
1060 2906 1161 2957 nostra
1184 2899 1209 2956 ei
1233 2900 1442 2966 concessimus,
1469 2901 1497 2953 et
1525 2896 1725 2970 episcopatum
1753 2915 1825 2972 prs-

126 2989 267 3064 legentes,
282 2990 407 3043 tractare
422 2983 565 3056 coepimns
580 2982 704 3055 qualiter
727 2985 787 3040 fida
809 2985 949 3044 relatione
1004 2990 1097 3046 fatum
1129 3006 1187 3044 una
1215 3005 1283 3044 eum
1307 2991 1448 3060 praecepta
1476 2985 1576 3041 domni
1605 2987 1728 3059 Augusti
1757 3004 1825 3043 cum

126 3080 164 3135 ad
179 3076 343 3151 regularem
353 3074 500 3130 tramitem
510 3074 736 3146 perduceremus
746 3079 775 3129 ct
786 3076 948 3134 seeundum
1004 3079 1142 3136 omnibus
1166 3078 1228 3135 suis
1247 3075 1432 3149 pertinentiis
1456 3092 1520 3147 quta
1547 3075 1583 3130 ad
1608 3075 1706 3131 sedem
1730 3077 1826 3149 ipsam
1880 3114 1884 3124 .

126 3167 297 3224 canonicam
312 3168 341 3221 et
356 3162 546 3236 apostolicam
561 3161 765 3218 auctoritatem
781 3179 830 3219 eos
850 3165 948 3221 disca·
963 3147 985 3215 C
1003 3169 1158 3243 pertinent,
1176 3166 1220 3225 rel
1249 3165 1433 3239 pertinentiis
1455 3180 1520 3235 que
1545 3165 1581 3220 ad
1606 3163 1705 3220 sedem
1731 3164 1825 3237 ipsam

125 3262 266 3314 tenemus.
283 3255 365 3311 Tunc
380 3269 433 3308 nos
458 3252 577 3307 domum
598 3251 760 3307 secundum
777 3255 948 3311 canonicam
1003 3259 1147 3332 pertinere
1171 3257 1288 3323 debent,
1304 3254 1348 3311 illi
1372 3253 1579 3322 stabilivimus,
1604 3253 1646 3309 ita
1670 3257 1703 3310 ut
1726 3253 1826 3312 nullus

124 3350 155 3402 ot
170 3343 360 3417 apostolicam
376 3340 578 3396 auctoritatem
593 3339 686 3396 ferula
710 3343 947 3401 excommunica·
1002 3349 1090 3406 homo
1117 3349 1161 3404 vel
1183 3345 1334 3420 judicialis
1358 3346 1488 3417 potestas
1513 3343 1543 3399 in
1568 3343 1686 3415 praefato
1711 3344 1825 3416 episco-

124 3434 215 3492 tionis
231 3440 259 3490 at
281 3431 370 3488 bandi
396 3429 488 3486 nostri
511 3429 739 3487 constrinximus
764 3431 947 3503 prelibatum
1003 3445 1073 3514 patu
1101 3439 1144 3494 vel
1169 3437 1237 3493 sede
1265 3434 1374 3507 aliquid
1405 3437 1505 3489 contra
1533 3432 1611 3488 hunc
1639 3433 1825 3506 Arnulphum

124 3522 365 3597 ermengaudum
391 3520 527 3575 comitem
548 3535 615 3574 cum
640 3517 753 3574 clericis
777 3525 805 3575 et
823 3521 947 3593 optima·
1002 3528 1171 3601 episcopum
1196 3525 1256 3580 siva
1278 3539 1462 3580 successores
1487 3538 1556 3577 suos
1581 3521 1735 3578 temerario
1750 3539 1825 3579 ausu

123 3614 206 3669 tibus
221 3612 284 3668 suis
299 3616 331 3666 ut
346 3607 488 3682 quidquid
504 3606 607 3662 exinde
631 3607 772 3662 veraciter
796 3608 946 3678 sentirent,
1002 3621 1103 3674 contra
1126 3612 1278 3669 ecclesiam
1303 3611 1365 3682 (scu
1389 3611 1446 3681 res)
1471 3609 1565 3665 sancti
1590 3608 1665 3664 Patri
1691 3625 1743 3664 seu
1761 3627 1826 3666 san.

73 3771 76 3775 ⁴
124 3701 212 3760 nobis
237 3717 289 3774 pro
317 3714 416 3755 amore
445 3696 495 3753 Dei
523 3699 551 3751 ct
579 3693 778 3767 apostolorum
807 3697 948 3770 principis
1003 3710 1054 3762 etae
1080 3702 1177 3759 Maria
1200 3701 1229 3755 in
1253 3699 1315 3755 vico
1339 3697 1503 3753 Ausonensi
1533 3697 1605 3753 sitas
1630 3695 1824 3770 disrumpere,

125 3791 204 3848 Petri
224 3789 391 3845 renuntiare
416 3789 593 3859 satagerent.
608 3787 645 3840 At
667 3783 709 3839 illi
731 3785 855 3859 professi
879 3791 949 3843 sunt
1003 3793 1149 3859 invadere,
1180 3787 1341 3861 subripere,
1370 3784 1414 3840 vel
1442 3784 1634 3840 dehonestare
1666 3789 1718 3839 aut
1756 3784 1825 3841 dila.

124 3897 185 3937 ⁰11⁰
214 3879 312 3935 assimO
341 3892 458 3948 unaque
485 3891 554 3931 V⁰⁰0
581 3890 616 3930 0³1
645 3891 708 3947 qua
737 3875 773 3930 ab
798 3874 948 3948 AtssulPhO
1002 3885 1095 3950 niarc,
1120 3884 1170 3936 aut
1194 3876 1306 3950 aliquid
1331 3891 1382 3948 per
1405 3873 1465 3928 vim
1491 3872 1614 3941 auferre,
1640 3873 1824 3940 contendere,

124 3968 263 4042 episcopo
278 3965 465 4023 audieramus
479 3981 548 4020 vera
562 3967 590 4019 et
604 3968 684 4020 recta
707 3963 807 4020 omnia
830 3981 903 4032 esse,
921 3968 950 4021 et
1001 3972 1046 4030 vel
1062 3976 1232 4041 extorquere
1255 3968 1436 4040 presumat:
1454 3962 1483 4017 id
1499 3965 1565 4030 «est,
1582 3977 1634 4017 aec
1658 3963 1824 4034 parochias,

124 4056 312 4116 Guadaldum
326 4055 439 4111 vivente
455 4052 585 4114 fruiano,
597 4052 732 4125 episcopo
747 4053 948 4127 episcopatum
1003 4076 1097 4134 neque
1125 4058 1223 4124 fiscos,
1250 4070 1302 4110 nec
1339 4050 1457 4125 pradia,
1489 4055 1540 4105 aut
1571 4048 1701 4119 castella,
1727 4041 1825 4125 nequa

123 4146 245 4205 sibimet
256 4159 416 4217 usurpasse
431 4146 459 4198 et
474 4141 511 4197 ab
527 4141 583 4197 alio
598 4141 823 4214 metropolitano
840 4144 949 4214 injuste
1003 4154 1162 4214 monetam,
1187 4160 1281 4216 neque
1309 4140 1432 4208 telonea,
1460 4155 1554 4212 neque
1582 4138 1747 4212 pascuaria,
1775 4158 1825 4197 ne-

123 4234 394 4300 subintroductnm,
411 4229 740 4303 etposteaproedictum
757 4231 950 4287 Fruianuma
1003 4256 1060 4313 que
1085 4235 1193 4302 omnia,
1220 4230 1363 4305 quidquid
1388 4229 1443 4286 dici
1474 4228 1518 4284 vel
1548 4229 1694 4284 naminari
1719 4234 1824 4301 potest,

123 4324 245 4399 prefato
275 4319 425 4379 Guadaldo
447 4320 618 4375 innocenter
641 4319 782 4374 occisum.
806 4320 949 4393 Deinceps
1003 4344 1055 4384 seu
1084 4324 1172 4381 etiam
1201 4320 1316 4377 abbatis
1344 4337 1408 4391 quar
1434 4319 1470 4374 ad
1497 4319 1548 4390 jus
1569 4316 1702 4373 Ecclesia·
1732 4318 1826 4388 perti.

123 4415 242 4470 nosmet
252 4415 402 4481 certusque
415 4408 618 4481 episcoporum
634 4406 787 4480 diligenter
796 4393 948 4479 praefatum
1004 4419 1084 4472 nont.
1101 4413 1130 4469 Si
1148 4411 1214 4484 quis
1239 4414 1338 4465 autem
1361 4411 1463 4463 contra
1487 4406 1542 4462 hoc
1568 4405 1659 4461 nostri
1683 4404 1825 4478 privilegii

122 4499 312 4559 Guadaldum
336 4498 511 4570 inquirendO
536 4495 740 4563 dissfusssimllh
761 4496 786 4551 Si
810 4512 878 4553 Vfra
903 4511 987 4577 tis-1)
1003 4501 1151 4561 raburvel
1167 4504 1268 4557 contra
1287 4499 1339 4569 jus
1363 4495 1599 4568 supradictarum
1624 4493 1826 4562 ecclesiarum,

123 4594 193 4648 Seni
220 4607 285 4662 ‘111ae
314 4587 371 4661 i1³⁸i
397 4592 500 4643 ⁰⁰¹¹lffi
528 4602 595 4642 ‘³¹¹¹ss
623 4585 799 4656 Objessssfflssl·
826 4587 862 4641 Al
889 4585 947 4655 ille,
1004 4593 1063 4650 sive
1078 4593 1222 4666 precepta
1237 4585 1387 4659 episcopii,
1403 4583 1448 4640 rel
1464 4588 1565 4639 contra
1588 4582 1743 4638 canonicos
1768 4581 1825 4637 ibi-

122 4678 197 4753 quia
210 4683 316 4752 negbre
331 4693 388 4732 1¹0ss
404 4675 508 4748 Ρῡῒῦῑῒ,
525 4692 556 4731 ⁵0
579 4672 697 4746 PPOPrl⁰
722 4689 771 4729 ⁰1¹0
794 4675 945 4746 professus
1000 4683 1067 4738 dem
1093 4681 1151 4737 Deo
1177 4675 1364 4742 famulantes,
1391 4674 1427 4729 ad
1451 4670 1675 4743 irrumpendum
1703 4670 1824 4738 venerit,

122 4768 338 4842 estprffllalum
354 4766 555 4839 episcopatum
570 4762 683 4819 vivente
701 4763 827 4820 Fruiass0
851 4764 946 4837 ponti·
1001 4775 1053 4827 aut
1076 4770 1106 4824 in
1131 4768 1229 4840 aliquo
1254 4763 1419 4820 molestiam
1445 4760 1553 4828 fecerit,
1570 4763 1621 4815 sut
1645 4757 1748 4832 legerit
1768 4757 1825 4815 nisi

121 4859 180 4915 ssce
208 4855 328 4914 sibimet
351 4854 545 4927 subripuisse,
568 4857 597 4908 et
624 4853 660 4908 ab
690 4851 748 4908 alio
778 4854 946 4926 metrapoli·
1002 4847 1496 4931 resipuerit,anatbamatisvincula
1512 4846 1824 4904 exauctoritalebeati

120 4952 205 5015 tana,
230 4963 289 5002 non
314 4962 331 5001 a
353 4945 516 5001 dioecesano
545 4941 738 5009 Narbonensi,
765 4942 945 5012 ordinatum,
1003 4947 1089 5012 Petri,
1115 4951 1143 5001 et
1169 4943 1293 4999 aliorum
1326 4935 1536 5010 apostolorum,
1567 4938 1655 5006 atqua
1682 4952 1716 4991 ex
1743 4937 1825 5007 parte

120 5040 153 5094 ct
177 5034 349 5091 seditionem
374 5050 405 5089 sc
430 5032 579 5099 incitasse,
605 5048 668 5103 qua
692 5029 755 5103 ipse
778 5031 947 5104 prelibatus
1002 5041 1103 5093 nostra
1121 5031 1203 5126 point
1228 5046 1258 5086 se
1287 5043 1352 5084 esse
1378 5024 1676 5093 excommunicatum,
1700 5028 1730 5080 et
1757 5038 1824 5078 cum

121 5123 255 5200 pontifex
269 5123 413 5180 Fruianus
437 5139 454 5178 a
468 5121 530 5177 suis
555 5119 612 5175 fuit
634 5119 839 5192 interemptus.
864 5121 947 5176 Tunc
1001 5125 1078 5181 Juda
1093 5121 1232 5178 traditore
1249 5115 1361 5173 catenis
1376 5115 1470 5188 igneis
1486 5115 1638 5170 nodatum.

121 5231 179 5271 nas
194 5212 331 5286 deinceps
353 5211 413 5267 hec
438 5209 601 5277 audientes,
616 5213 645 5265 et
667 5208 731 5280 ejus
759 5208 856 5264 verbis
880 5224 946 5264 ma·
1036 5211 1185 5283 Scriptum
1201 5224 1253 5279 per
1273 5222 1380 5261 manus
1404 5202 1481 5259 Petri
1506 5202 1612 5259 notarii
1638 5206 1667 5258 et
1690 5199 1824 5257 scrinarii

119 5302 169 5379 gis
184 5301 413 5376 quamaliorum
429 5297 605 5356 testimoniis
620 5297 782 5365 credentes,
803 5295 945 5369 coepimus
1000 5305 1108 5360 sanate
1133 5299 1269 5354 Romanae
1293 5291 1429 5350 Ecclesiae
1450 5291 1602 5348 inmense
1624 5289 1824 5362 Mai0,indic·

120 5393 291 5468 perquirere
312 5394 430 5447 sanctos
453 5404 590 5456 canones,
606 5392 635 5442 ct
658 5385 809 5443 recitando
831 5385 946 5442 inveni·
1000 5391 1078 5446 tione
1094 5404 1132 5444 xr.

120 5498 191 5539 mus
206 5478 336 5555 capitula
350 5496 367 5535 a
382 5482 483 5534 sancta
499 5476 615 5533 Nicaeno
631 5474 755 5532 concilio
771 5473 944 5545 constituta,
1036 5474 1209 5535 Benedictus
1225 5474 1331 5528 sancte
1347 5470 1484 5527 Romanae
1495 5468 1629 5528 Ecclesia
1644 5467 1825 5528 archidiaca-

121 5587 183 5634 aoa
197 5569 302 5631 debere
317 5584 461 5646 usurpare
476 5564 564 5626 aliani
583 5565 785 5644 episcopatum
809 5563 945 5644 episcopo
1000 5583 1066 5642 nus,
1084 5564 1135 5647 qui
1151 5561 1287 5643 deposuit
1300 5559 1496 5623 Guadaldum.
