3908 6082
129 290 192 353 805

634 290 752 357 stanti
775 293 1061 364 auxitanensis
1087 305 1118 365 S.
1136 303 1335 368 llletlelINl.

1778 318 1852 403 eoo,

128 425 239 482 dormit
251 440 344 497 neque
359 423 507 493 dormitat,
522 426 571 499 qui
586 429 715 484 custodit
726 429 824 497 lsrael,
840 422 960 502 nequid·
974 432 1001 498 Α
1016 431 1093 489 rium
1106 451 1198 506 usqae
1215 439 1361 505 conducit,
1379 445 1407 495 et
1422 441 1452 496 in
1467 442 1666 516 expulsionem
1682 448 1779 504 osium
1794 449 1839 504 lu-

127 529 221 588 qucm
248 515 297 568 diu
327 512 504 581 laborantes,
521 521 549 571 et
563 518 642 573 enini
660 519 763 573 ellectu
780 518 898 574 malitiae
912 537 958 574 ca·

126 609 226 661 sentes
256 603 426 658 contusione
457 604 587 676 adoperti
616 606 781 660 discedunt.
813 607 958 663 Hactenus

126 709 214 766 porro
229 692 354 747 intueri:
370 691 466 759 datur,
477 699 588 764 quanta
604 693 758 766 vigilantia
774 696 857 751 Pater
872 697 957 752 blaxi-

126 783 227 837 minus
243 781 321 835 liriiic
340 782 496 836 scixaxerit
508 781 616 852 locuni,
631 800 719 855 quem
731 784 804 839 adie
815 802 874 840 sum
889 802 957 841 con·

126 870 249 927 ditionis
260 870 348 925 etiam
363 876 491 942 tompore
506 872 658 927 barbarico
671 873 789 943 ignibus
806 892 956 946 nunquam

126 959 297 1033 permiserit
316 957 427 1013 violari.
452 959 524 1013 Nam
541 977 574 1014 ea
591 966 761 1032 tempestate
777 962 822 1017 vix
838 963 955 1035 aliquod

97 1043 105 1055 “
125 1047 291 1104 coenobium
305 1047 393 1102 tutius
404 1048 556 1116 Neustrice,
568 1054 596 1103 ct
610 1067 716 1121 magua
727 1067 761 1103 ex
772 1057 853 1122 parte
867 1053 955 1123 ltqui-

124 1138 214 1193 tanim
226 1154 331 1191 ananus
343 1135 500 1208 impiorum
518 1137 619 1201 exasit,
636 1154 702 1192 cuni
715 1144 742 1193 et
754 1140 783 1194 S.
796 1139 911 1194 birri-tini
928 1145 957 1196 ct

124 1225 205 1282 boati
216 1226 310 1281 Patris
322 1226 468 1280 Benedicti
486 1227 662 1281 monasteria
675 1228 709 1282 nb
722 1229 763 1283 eis
779 1217 956 1301 conflagrata

123 1315 257 1372 sint.Sod
273 1331 359 1369 nemo
375 1319 508 1370 autumet
523 1332 569 1371 me
586 1315 614 1370 in
628 1319 771 1389 cujusquo
787 1318 879 1374 sancti
890 1337 957 1392 sug·

121 1403 954 1477 gillationcmistaprosequi;verumacidenionstrandum

120 1494 165 1566 pii
180 1493 271 1565 hujus
287 1492 380 1548 Patris
396 1495 543 1561 allectum,
561 1495 611 1564 qui
628 1496 810 1567 prospiciens
840 1497 955 1554 tuturos

120 1599 213 1639 casus
228 1587 256 1639 et
273 1587 405 1654 tempora
420 1600 483 1653 qua
500 1601 554 1638 sua
576 1590 646 1638 sunt
675 1586 868 1656 quarentium
897 1604 955 1643 non

120 1672 269 1728 sustinuit
294 1670 445 1728 codiculum
476 1689 560 1727 suam
591 1673 717 1742 amburi,
735 1673 889 1746 providens
905 1680 956 1730 aut

119 1762 170 1817 vix
185 1767 237 1817 eut
252 1761 420 1816 nullatcnus
438 1777 502 1816 eam
515 1761 544 1816 in
561 1767 673 1818 statum
692 1762 849 1835 pristinum
870 1765 955 1819 rotor·

122 1854 241 1907 matum
257 1849 303 1905 iri.

162 1940 206 1995 19.
220 1939 392 2013 Igiturdgie
403 1939 548 2013 episcope,
567 1941 621 1996 sub
638 1959 695 2013 que
711 1943 812 1998 civitas
826 1943 954 1998 Aurelia-

122 2029 228 2086 nensis
252 2029 342 2085 semol
369 2030 510 2085 distracta
525 2031 653 2085 secundo
670 2032 789 2087 incensa
805 2037 860 2098 est,
877 2033 955 2087 diem

122 2116 489 2188 obounto,lt'alterius(11)
502 2119 645 2174 successit
661 2121 703 2173 vir
718 2123 903 2186 strenuus,ct
919 2120 956 2175 ad

122 2223 249 2280 quaque
274 2206 444 2278 perferenda
457 2208 522 2262 lorti
541 2207 638 2262 animo
656 2213 845 2279 preparatus,
863 2209 912 2280 qui
929 2213 957 2263 et

121 2313 226 2353 muros
237 2296 319 2352 urbis
330 2296 483 2367 exstruxit,
492 2301 520 2351 et
535 2297 612 2352 cives
629 2301 671 2353 tol
687 2296 820 2353 cladibus
833 2299 956 2353 miseros

123 2386 163 2442 ad
183 2385 380 2442 resistendum
396 2384 529 2440 barbaris
546 2385 696 2441 animavit.
714 2386 764 2441 Cui
781 2386 957 2442 Trebannus

122 2474 274 2546 (Troianis)
289 2473 449 2529 succedens
479 2471 552 2527 nibil
578 2473 681 2528 efficax
702 2474 839 2541 ostendit,
856 2491 956 2530 serum

124 2561 237 2619 crudeli
249 2562 328 2618 exitu
340 2560 463 2634 posteris
475 2562 520 2617 sui
533 2562 704 2617 memoriam
716 2562 956 2635 dereliquitNam

125 2651 246 2708 letitate
275 2650 366 2706 animi
396 2649 490 2706 multa
519 2650 761 2722 utenS,pluri1na
778 2651 957 2710 temulentus

128 2740 200 2797 dare
214 2738 258 2796 vel
273 2738 444 2812 promittere
473 2738 577 2795 solitus
592 2743 665 2807 erat,
682 2757 746 2812 qua
763 2739 829 2796 vino
845 2741 957 2814 digesto

126 2829 247 2904 penitus
259 2829 498 2902 ignoraretilane
510 2829 680 2900 auspicatus
697 2828 879 2885 occasionem
891 2830 957 2886 Fre·

126 2917 228 2975 dacus
243 2918 363 2990 quidam
388 2917 495 2973 nobilis
519 2915 643 2973 clericus
667 2919 812 2991 quosdam
828 2919 956 2992 episcopi

126 3007 309 3064 necessarios
323 3007 380 3063 sibi
405 3007 507 3063 ascivit
530 3012 742 3077 cooperatores,
757 3009 957 3080 accedensque

126 3102 194 3171 post
210 3114 323 3153 caenam
339 3097 375 3153 ad
391 3097 562 3170 episcopum
581 3097 759 3168 quibusdam
777 3097 915 3154 laudibus
930 3102 958 3154 ot

1014 536 1084 592 pum
1102 523 1200 579 seviro
1215 525 1302 598 cogit.
1320 527 1421 599 ltaque
1436 545 1503 584 cum
1520 531 1650 587 Wimaro
1666 535 1775 608 quique
1790 550 1840 608 po·

1013 609 1101 666 tiores
1112 613 1438 687 expelluntur,quinque
1451 622 1564 673 tantum
1578 627 1752 692 personatus
1762 622 1842 681 vilio·
1866 607 1869 613 Ι

1013 696 1053 753 ris
1064 699 1204 755 tratribus
1215 701 1481 776 derelictisSicque
1493 706 1646 763 Fredrieus
1654 713 1718 764 voto
1729 710 1840 783 potitus

1013 803 1119 842 nomen
1131 789 1247 845 abbatis
1263 792 1533 860 obtinuit,osticium
1544 796 1664 851 omnino
1677 797 1838 853 declinans.

1012 877 1068 932 Eos
1082 877 1188 932 etenim
1206 896 1278 951 quos
1303 878 1374 935 inibi
1405 881 1561 954 reliquerat
1591 883 1700 938 ultima
1728 885 1840 940 habens

1013 966 1168 1037 dejectioni
1181 973 1213 1022 ut
1224 969 1431 1044 stipendiarios
1442 970 1527 1042 sigilo
1541 969 1648 1038 alebat,
1666 975 1777 1029 castoris
1794 974 1841 1030 bo·

1013 1053 1059 1109 nis
1074 1056 1191 1126 penitus
1208 1057 1331 1111 ainans.
1350 1058 1402 1123 oui
1430 1063 1542 1113 tantam
1568 1075 1637 1131 erga
1652 1078 1682 1115 se
1699 1061 1840 1117 duritiam

1012 1159 1069 1197 non
1086 1144 1211 1199 serentes
1235 1146 1405 1218 episcopum
1436 1148 1555 1215 adeunt,
1573 1153 1602 1202 et
1617 1149 1764 1220 querelam
1780 1167 1840 1206 sua

1011 1231 1187 1289 calamitatis
1216 1251 1312 1289 corant
1330 1251 1362 1289 eo
1380 1236 1550 1307 deponunt;
1568 1254 1641 1308 quos
1657 1237 1705 1293 ille
1721 1237 1839 1295 omnino

1011 1321 1175 1392 sprevitet
1204 1339 1271 1377 cum
1302 1323 1411 1396 ingenti
1441 1324 1549 1395 injuria
1573 1343 1590 1380 a
1612 1332 1839 1400 conspectusuo

1011 1409 1075 1479 ejici
1097 1409 1198 1480 jussit.
1216 1411 1269 1477 Qui
1287 1414 1447 1484 contempti
1466 1415 1676 1470 monasterium
1693 1420 1838 1489 repetunt,

1010 1504 1038 1552 ct
1056 1498 1085 1552 Β.
1103 1499 1260 1555 Maximino
1277 1500 1454 1573 importunis
1470 1504 1622 1573 questibus
1639 1504 1763 1559 miseriae
1779 1523 1838 1561 suae

1010 1585 1194 1658 ingeminant
1217 1606 1330 1656 casum,
1349 1595 1377 1646 et
1392 1590 1483 1646 sacris
1500 1593 1648 1648 cineribus
1664 1593 1839 1650 inherentes

997 1676 1067 1731 -diei
1083 1680 1198 1731 noctem
1215 1678 1398 1734 continuant.

1045 1766 1089 1818 20.
1098 1765 1186 1820 Nocte
1200 1767 1299 1838 itaque
1312 1768 1438 1839 quadam
1451 1769 1612 1840 quiescenti
1624 1772 1762 1844 episcopo
1779 1774 1837 1829 duo

1010 1852 1155 1909 terribiles
1165 1855 1309 1910 assistunt
1319 1857 1381 1922 viri,
1400 1856 1502 1912 babitu
1513 1857 1654 1929 praeclari,
1671 1861 1778 1917 canitie
1795 1877 1838 1916 re·

1009 1943 1125 1996 verendi
1136 1959 1141 1995 :
1152 1960 1228 1998 unus
1240 1943 1396 2015 episcopali
1408 1945 1644 2011 schcmato,alter
1658 1947 1748 2003 abbas
1763 1949 1840 2003 vide·

1011 2032 1106 2098 batur,
1124 2033 1173 2103 qui
1185 2034 1269 2104 quasi
1288 2034 1429 2089 rationem
1447 2052 1513 2090 cuni
1530 2052 1563 2091 eo
1579 2053 1685 2107 ponere
1699 2039 1838 2094 videban-

1011 2125 1069 2187 tur,
1087 2137 1139 2175 eur
1154 2123 1178 2175 is
1194 2123 1326 2194 neglecta
1347 2125 1513 2179 animarum
1531 2123 1625 2181 salute
1641 2127 1752 2182 sanctis
1767 2127 1840 2183 locis

1011 2209 1148 2280 indignas
1174 2216 1352 2282 preponeret
1378 2229 1528 2283 personas,
1546 2213 1596 2285 qui
1612 2213 1733 2270 luxuria
1748 2221 1777 2270 ct
1791 2232 1839 2270 vo·

1011 2297 1116 2368 luptati
1129 2314 1247 2369 operam
1259 2300 1371 2367 darent,
1384 2304 1412 2355 ot
1427 2317 1494 2356 oves
1511 2300 1678 2358 Dominicas
1691 2304 1839 2360 morsibus
1889 2338 1892 2343 -

1011 2384 1148 2458 luporum
1160 2385 1314 2443 laniandas
1329 2390 1485 2461 effugando
1501 2392 1789 2449 contraderent.Cum
1803 2393 1839 2449 ad

1012 2471 1242 2545 haecpiseopus
1262 2474 1387 2530 reticens
1417 2476 1491 2531 nibil
1519 2477 1694 2548 respondero
1722 2477 1839 2549 valeret,

1011 2562 1300 2635 aggrediuntureum
1313 2563 1423 2635 flagris,
1436 2569 1463 2618 et
1478 2564 1688 2621 obscenissime
1702 2565 1840 2623 derelicto

1013 2651 1279 2723 abscedunt.Cujus
1295 2651 1473 2708 clamoribus
1489 2652 1592 2708 tantuli
1605 2655 1722 2710 excitati
1734 2652 1841 2711 clamo·

1011 2739 1052 2795 ris
1064 2757 1168 2795 causas
1189 2739 1353 2812 inquirunt,
1367 2741 1471 2812 vixque
1486 2741 1521 2796 alt
1538 2757 1571 2796 eo
1588 2741 1774 2814 aliquatenus
1790 2759 1840 2798 eo-

1011 2844 1151 2900 gnoseero
1168 2833 1342 2901 potuerunt:
1360 2829 1410 2884 sod
1427 2833 1541 2884 tantum
1557 2828 1634 2884 inter
1649 2829 1796 2903 singultus
1811 2834 1840 2886 ot

1012 2918 1089 2973 anxii
1102 2917 1237 2973 tremoris
1250 2917 1386 2973 nutantia
1403 2917 1490 2973 verba
1501 2918 1651 2973 Exurtium
1668 2923 1696 2974 et
1707 2919 1840 2975 Maximi·

1012 3024 1084 3063 num
1101 3005 1319 3073 inclamabat‚et
1330 3006 1612 3063 monacliosdiutius
1627 3005 1838 3079 ingeminabat.

1013 3094 1056 3151 llli
1067 3094 1263 3165 intelligentes
1275 3095 1404 3151 ascensis
1414 3094 1503 3167 ‘equis
1514 3095 1726 3151 monasterium
1737 3096 1839 3151 eadem

125 3184 293 3243 urbanitate
301 3185 479 3258 eloquiieJus
488 3185 619 3240 animum
630 3185 684 3240 sibi
694 3185 849 3242 conciliare
858 3187 955 3260 coepit,
970 3170 992 3239 (l
1013 3184 1084 3239 bera
1095 3182 1208 3238 concito
1220 3200 1307 3240 cursu
1320 3184 1696 3256 expotun13sedantoquam
1703 3184 1839 3240 monachi

125 3275 298 3348 perlatoque
314 3275 379 3330 vino
395 3274 640 3330 interbibendum
650 3275 685 3329 de
694 3274 756 3330 loce
766 3275 795 3330 S.
806 3276 957 3331 Maximini

124 3368 277 3421 motuscst
285 3363 520 3429 sermoouidam
530 3364 609 3419 enim
618 3364 770 3420 wimarus
782 3365 954 3434 monachus,

124 3455 176 3511 sed
185 3459 216 3509 et
225 3454 286 3526 ipse
298 3453 462 3510 secundum
475 3451 574 3508 seculi
588 3452 760 3525 dignitatem
770 3453 867 3510 clarus
877 3471 956 3510 eum·

123 3544 192 3600 dem
222 3542 319 3598 locum
351 3542 506 3610 ambierat,
524 3547 552 3597 et
567 3542 602 3597 ad
619 3542 717 3614 ipsum
740 3543 909 3598 Fredricum
925 3560 956 3599 se

123 3633 278 3688 conterens
307 3631 441 3687 ellectum
472 3630 611 3686 desiderii
640 3629 873 3702 praestolabatur.
899 3632 955 3686 Sed

123 3720 248 3777 consilio
260 3719 415 3776 Ermente'r
425 3720 524 3774 fratris
541 3720 597 3780 sui.
609 3718 762 3775 Fredricus
779 3719 806 3773 id
823 3719 954 3774 studium

99 3858 104 3865 ,
124 3827 216 3866 cansa
228 3809 360 3866 videlicet
375 3808 503 3864 Wimari
514 3808 767 3881 derelinquens,ut
782 3807 837 3862 sibi
854 3825 957 3863 consu-

124 3897 198 3956 leret
213 3915 372 3972 aggrcssus
387 3903 441 3967 ost,
458 3898 630 3970 habensque
647 3897 807 3953 familiares
826 3897 954 3969 episcopi

125 3987 256 4044 lautores
267 4003 334 4042 eum
345 3987 418 4042 bora
428 3987 557 4059 quajam
570 3987 746 4053 dictumest,
765 3985 847 4051 adiit,
862 3991 891 4042 ct
908 3985 955 4041 da-

123 4076 236 4134 tionem
263 4075 392 4148 predicti
420 4074 475 4131 loci
498 4077 582 4148 quasi
601 4075 805 4147 imaginariam
821 4074 877 4131 sibi
894 4075 954 4130 fieri

124 4166 257 4224 extorsit.
274 4165 314 4220 Ne
328 4165 401 4220 forte
424 4165 512 4222 etiam
537 4165 693 4237 episeopus
719 4164 889 4237 poenitentia
905 4165 955 4219 du·

124 4261 191 4312 etus
218 4254 247 4311 id
275 4270 380 4327 negare
408 4258 608 4326 presumeret,
626 4251 763 4308 baculum
786 4253 851 4324 ejus
878 4253 953 4308 turto

125 4348 289 4417 asportant,
303 4348 333 4400 et
352 4344 518 4401 donationis
548 4343 674 4399 indicem
690 4343 719 4397 in
735 4343 897 4398 erastinum
914 4359 955 4397 re·

124 4437 252 4490 servant.
264 4433 360 4488 Altero
372 4438 470 4489 autem
482 4433 528 4489 dic
539 4431 728 4503 consurgenti
743 4431 878 4503 episcopo
890 4431 953 4486 otti·

124 4521 310 4579 ciosissimus
326 4521 409 4577 adest
432 4521 585 4576 l'redricus
600 4537 651 4592 pro
667 4518 780 4575 collatis
795 4525 893 4592 grates
909 4536 952 4575 re·
968 4540 993 4606 p

126 4611 271 4685 pendens,
288 4610 415 4682 denique
441 4613 545 4665 testem
570 4608 709 4664 baculum
730 4614 952 4681 representans.

125 4699 456 4771 Confususepiscopus,
473 4704 501 4753 ot
528 4698 597 4770 quid
630 4698 728 4753 lecerit
757 4697 887 4769 ignarus,
902 4698 953 4752 sed

126 4788 315 4846 factiosorum
351 4788 545 4843 unanimitate
561 4788 720 4854 convictus,
738 4786 837 4842 volens
853 4787 954 4842 iiolens

125 4883 225 4933 tamen
236 4877 392 4932 consentit.
410 4878 445 4932 bt
461 4877 530 4948 quia
546 4879 584 4932 rei
602 4876 755 4932 tarniliaris
771 4893 838 4930 oum
856 4876 953 4947 inopia

125 4966 306 5039 penngeret,
323 4965 427 5036 dapsili
443 4965 572 5020 convivio
589 4967 715 5020 dunatus
732 4965 889 5034 tirmajanr
906 4983 954 5019 au·

125 5054 260 5112 ctoritate
290 5055 424 5111 Fredrico
449 5059 547 5126 optata
576 5053 733 5109 citrisorisit.
750 5056 811 5119 Qrio
836 5054 872 5107 ad
897 5053 954 5108 Mo-

125 5139 289 5198 nastcrium
316 5142 447 5196 veniente
479 5141 627 5197 ll'lmarus
656 5156 723 5194 cunt
752 5139 873 5212 reliquis
901 5141 955 5195 tra.

124 5229 222 5285 tribus
256 5229 354 5284 aditus
393 5229 560 5284 monasterii
599 5227 749 5296 claudunt,
779 5233 807 5283 ct
834 5229 953 5284 xenicn-

124 5324 185 5376 tem
217 5317 325 5373 intrare
354 5334 411 5372 non
438 5318 548 5372 sinunt.
581 5318 680 5389 ltaque
718 5335 784 5372 cum
823 5318 954 5392 indigna·

125 5409 206 5465 tione
234 5408 270 5463 ad
298 5406 467 5479 episcopum
496 5422 639 5475 reversus,
657 5423 723 5461 eum
750 5408 785 5461 ad
811 5412 953 5463 monaste·

1012 3273 1243 3346 peraccederent,
1261 3271 1416 3345 opiscopus
1438 3289 1525 3327 carne
1542 3272 1656 3328 solutus
1668 3278 1722 3329 est.
1740 3273 1839 3330 Sedet

1011 3362 1075 3435 ipse
1084 3362 1240 3433 ltredricus
1265 3379 1322 3417 non
1335 3362 1364 3416 in
1377 3361 1498 3435 longum
1513 3361 1628 3418 letatus
1644 3365 1687 3419 est
1703 3379 1709 3417 :
1727 3378 1796 3419 nam
1811 3368 1841 3419 et

1011 3451 1074 3523 ipse
1089 3451 1270 3507 validissimo
1287 3456 1421 3523 arreptus
1437 3450 1677 3520 incommodo,de
1692 3468 1725 3508 eo
1741 3451 1838 3524 inquo

1011 3540 1211 3605 incumbebat,
1228 3539 1362 3595 exsilibat
1389 3544 1483 3595 stratu
1512 3540 1540 3593 S.
1564 3539 1754 3595 Maximinum
1781 3557 1839 3596 non

1011 3630 1162 3684 sustinens
1171 3627 1403 3682 insistentemln
1416 3626 1461 3682 liis
1472 3644 1540 3699 ergo
1550 3627 1727 3682 clamoribus
1738 3627 1840 3684 imma·
1870 3616 1879 3630 ⁶

1009 3721 1076 3772 tura
1091 3721 1256 3788 praeventus
1273 3721 1366 3770 morto
1383 3731 1449 3770 cum
1467 3715 1627 3769 multorum
1642 3714 1740 3770 doloro
1757 3715 1839 3787 spiri-

1009 3812 1073 3862 tum
1089 3804 1243 3862 exhalavit.

1329 3891 1445 3948 CAPUT
1467 3891 1512 3947 tv.

1124 3989 1161 4039 De
1176 3982 1283 4039 letaldo
1298 3981 1393 4037 abbate
1407 3989 1432 4037 ct
1445 3983 1503 4054 qus
1516 3980 1722 4038 successoribus.

1044 4069 1836 4144 2t.ltisitaquetalitermultatis,deluitquieotempore

1009 4159 1836 4234 contrajusmonasteriumlocumsupradictumambiret;

1009 4249 1835 4322 sedneversiquiqueadispersione,quadisporsifuerant,

1009 4340 1105 4396 locuni
1121 4339 1275 4410 recipiunt,
1293 4339 1429 4411 profanos
1445 4344 1474 4395 et
1489 4338 1660 4394 temerarios
1686 4336 1836 4393 invasores

1009 4429 1108 4503 procul
1120 4428 1372 4499 expellunt,atqae
1383 4445 1397 4483 e
1409 4428 1471 4483 suis
1487 4443 1579 4482 unum
1594 4425 1707 4498 eligunt
1718 4425 1836 4481 noniine

1009 4517 1162 4574 Lctnldum
1173 4517 1266 4572 sirum
1279 4515 1450 4585 nobilcm‚et
1462 4515 1623 4571 secundum
1636 4513 1664 4567 id
1680 4519 1796 4585 tempus
1805 4514 1834 4568 in

1009 4606 1111 4662 multis
1124 4602 1672 4675 solertan1,abbateniqucconstituunt.
1683 4603 1721 4657 Ee
1736 4607 1835 4657 autem

1008 4701 1138 4768 tempore
1163 4694 1208 4748 xix
1231 4693 1320 4766 aliqui
1337 4692 1547 4748 nieriacborum
1565 4690 1684 4746 inveniri
1702 4694 1836 4762 poterant

1009 4785 1058 4857 qui
1070 4783 1232 4839 secundum
1248 4781 1411 4855 regularem
1428 4781 1555 4835 uiuerent
1569 4778 1759 4834 sanctionem.
1771 4777 1834 4834 Flo·

1009 4874 1067 4929 ruit
1083 4877 1179 4928 autem
1203 4890 1236 4927 eo
1266 4877 1395 4942 tempore
1424 4869 1484 4924 Ode
1513 4867 1631 4924 omriino
1661 4867 1834 4924 venerabilis

1008 4964 1098 5019 atritas
1115 4980 1165 5034 per
1178 4977 1264 5031 quem
1281 4961 1351 5013 orrlo
1365 4958 1545 5012 niiinasticus
1569 4957 1696 5013 rediviva
1710 4957 1770 5012 viee
1787 4974 1833 5012 rc-

1008 5069 1127 5124 surgore
1140 5054 1252 5119 coeptus
1265 5053 1318 5101 est.
1328 5047 1393 5102 Fuit
1405 5047 1482 5100 enirn
1495 5046 1538 5100 vir
1553 5046 1684 5101 moribus
1700 5046 1833 5117 egregius
1894 5112 1897 5117 ,

1008 5140 1123 5196 etonini
1136 5137 1280 5208 snpientia
1296 5137 1465 5200 adornatus,
1476 5134 1526 5207 qni
1542 5138 1570 5190 et
1585 5134 1727 5206 plurimos
1742 5133 1834 5190 edidit
1899 5153 1905 5164 ·

1008 5228 1141 5294 librosjn
1157 5225 1265 5297 quibus
1280 5224 1420 5280 studiosis
1432 5228 1460 5278 et
1476 5224 1543 5278 beni
1559 5222 1674 5295 cupidis
1688 5222 1832 5278 viventem

1008 5312 1832 5386 suidereliquitimaginem;quiavirsanctusnoquoquam

1008 5406 1092 5462 aliter
1108 5404 1201 5475 potuit
1217 5403 1320 5458 docere
1336 5418 1424 5474 quum
1441 5400 1520 5456 vixit.

161 5526 219 5594 (tl)
235 5524 341 5596 egium
358 5524 457 5580 sedare
474 5523 597 5595 caepisse
613 5540 689 5578 ranno
705 5524 757 5578 843
771 5529 869 5580 censet
886 5523 1006 5582 Carolus
1022 5524 1185 5603 Saussejus
1201 5520 1230 5576 in
1246 5517 1297 5575 lib.
1313 5535 1341 5574 vr
1356 5517 1461 5574 Annal.
1477 5516 1645 5591 Aurel.‚qui
1658 5515 1831 5577 Anselmum

127 5596 150 5674 1,
167 5596 290 5680 collocat
305 5594 380 5652 inter
393 5596 499 5673 agium
515 5599 542 5651 et
556 5594 729 5655 Walterum.
