3900 6090
124 237 180 304 891
639 236 670 301 S.
694 235 918 300 nonnosum
939 230 1076 299 erlseo
1097 232 1314 301 uelocitate
1776 228 1833 295 Μ

122 369 180 429 bus
194 369 308 446 gracias
323 385 423 445 agens,
440 374 539 428 exacte
555 369 656 428 itinere
672 371 758 444 longo
773 369 853 427 brevi
869 374 946 427 tem·
959 370 988 439 Α
1003 369 1155 443 graeieDci
1165 369 1343 442 perbeetum
1352 363 1735 441 adalbertumpredieante
1745 362 1833 424 multa

124 479 194 536 pore
208 462 311 535 angelo
327 462 403 518 lieno
414 460 717 533 eomitanleprrvunit
732 478 825 532 usque
836 460 950 515 Gnoson
1005 457 1148 514 miracula
1164 458 1297 527 faciente,
1315 459 1401 514 fidem
1418 456 1611 513 christianam
1639 460 1705 512 tola
1720 453 1833 513 Palania

123 549 360 623 urbam,plenam
371 549 487 621 popule,
498 549 732 621 potentissimam
744 567 777 604 ac
789 552 944 603 famosam.
1005 546 1176 618 suscepit,et
1187 548 1308 603 lundata
1322 546 1463 602 cstveluti
1480 564 1530 619 per
1541 563 1635 601 unum
1648 545 1687 600 dc
1696 543 1832 618 apostolis

124 640 267 696 Continuo
283 640 318 693 ad
335 640 429 694 lerum
442 655 576 711 purgone,
587 637 769 693 multitudini
782 656 838 711 que
850 638 952 693 aderat
1006 653 1094 708 super
1108 635 1266 708 apostolice
1281 637 1347 692 fidei
1360 638 1475 690 lirnium
1491 638 1617 708 petram,
1627 634 1833 708 prefatumque

122 730 272 785 Christum
286 729 467 783 confidenter
491 727 630 799 predicat,
648 727 760 799 premia
774 727 832 782 vite
847 730 947 782 eterne
1006 728 1171 797 tempusue
1187 726 1308 780 modum
1324 722 1505 781 abstinencie
1520 727 1587 779 ante
1604 722 1782 796 paschapre
1796 738 1835 779 re

121 817 281 873 anrrunciat
295 817 460 888 ‘³¹,Deoque
477 822 649 888 cooperante
660 821 830 871 atsmmone
846 815 949 869 conur-
1005 813 1135 868 ver-cutia
1151 814 1243 868 secreti
1257 813 1404 868 hrlrrlberli
1420 816 1568 885 gratemur
1593 816 1622 866 ct
1637 810 1833 867 communiter

121 911 230 973 manto,
254 906 444 978 sequentibus
472 905 565 976 signis
591 904 725 976 plurimis
750 908 778 959 et
806 903 941 970 diversis,
1006 902 1410 974 custodiendumacceptans,
1428 900 1572 974 plurimos
1597 916 1697 955 annos
1719 898 1833 955 circiter

121 995 240 1051 Christo
253 994 374 1050 domino
392 994 536 1048 innumeri
550 993 831 1048 rrmlideruut.Unde
842 994 951 1047 facturn

121 1087 176 1150 est,
194 1087 227 1136 ut
252 1082 331 1136 sama
356 1082 420 1151 rjus
445 1082 530 1135 modo
555 1081 787 1153 per-universam
803 1080 950 1154 regionem

121 1187 295 1243 percurrens
319 1170 354 1224 ud
382 1169 447 1224 illos
473 1170 507 1203 ***
524 1170 712 1242 pertingeret,
734 1187 808 1232 cruos
832 1173 951 1225 sanetus

121 1259 219 1332 presul
236 1259 265 1314 in
282 1259 399 1314 nornine
414 1258 522 1314 Christi
539 1260 654 1314 dudum
680 1277 750 1314 voce
778 1258 949 1331 privaverat,

120 1366 179 1403 non
196 1347 310 1411 auditu,
329 1347 428 1418 sieque
442 1346 634 1418 persisterant
648 1346 728 1402 nullo
753 1364 873 1418 prorsus
898 1364 949 1401 vu-

119 1436 213 1492 lcntcs
229 1435 363 1491 subsidio
381 1434 511 1490 relevari.
530 1435 624 1507 igitur
646 1437 682 1491 ad
704 1435 799 1491 virum
824 1435 873 1491 Dei
899 1453 950 1507 spe

1005 992 1058 1046 230
1074 989 1312 1063 irrefragabiliter
1327 990 1500 1056 observarit,
1520 990 1612 1045 donec
1630 988 1750 1061 legatus
1773 987 1833 1060 qui-

1006 1080 1074 1133 dam
1087 1079 1164 1134 sedis
1180 1077 1337 1150 apostolice
1354 1095 1459 1151 magne
1474 1076 1672 1143 auctoritatis,
1689 1077 1835 1133 nolens*

1006 1172 1121 1239 gentem
1138 1167 1312 1222 Polonorum
1328 1167 1444 1223 diucius
1458 1165 1523 1222 aliis
1539 1165 1680 1222 fidelibus
1692 1165 1722 1221 in
1737 1166 1833 1222 obsec

1005 1256 1124 1311 vac-ione
1133 1255 1270 1311 annualis
1277 1256 1384 1327 jejunii
1398 1256 1457 1311 sore
1466 1254 1656 1321 dissimilem,
1668 1269 1833 1326 superpiae

1005 1343 1063 1399 lato
1080 1348 1188 1400 statuto
1204 1344 1281 1400 cirea
1294 1362 1404 1401 annum
1418 1345 1454 1379 ***
1469 1343 1585 1400 Domini
1602 1343 1685 1410 1247,
1703 1341 1832 1399 auctori·

1004 1436 1063 1488 tate
1078 1432 1436 1505 apostolieadispensavit.

118 1525 216 1599 gracie
227 1525 320 1596 ipsius
336 1523 507 1578 inveniende
519 1523 943 1597 unanimiterproficiscuntur,
1039 1522 1066 1576 5.
1083 1520 1401 1594 Eeian1,legitur,quod
1418 1520 1517 1577 volens
1533 1522 1637 1576 beatus
1652 1518 1832 1577 Adulbertus

118 1613 324 1686 reperiuntque
335 1612 432 1684 ipsum
445 1611 538 1666 multo
547 1613 654 1685 populo
665 1613 882 1684 predicantem.
892 1613 944 1668 Re·
1005 1608 1130 1665 transire
1145 1610 1181 1665 ad
1198 1614 1289 1665 terras
1306 1609 1378 1665 alias
1393 1608 1711 1682 paganorum,socium
1726 1607 1832 1665 laboris

117 1706 327 1775 cognoscentes
343 1705 442 1756 autem
457 1717 536 1767 eurrr,
554 1717 651 1755 coram
678 1701 741 1772 ipsa
758 1700 946 1756 mullitudine
1004 1701 1033 1753 ct
1047 1697 1160 1754 itineris
1175 1698 1221 1754 sui
1236 1698 1331 1754 virum
1348 1704 1484 1755 sanetum
1499 1699 1617 1755 neurius
1628 1698 1830 1756 Geudcucium

118 1790 312 1864 pedibussuis
325 1789 618 1863 prouoluti‚snspiriis
634 1789 946 1862 aellctibusvariisque
999 1784 1028 1840 in
1045 1787 1159 1842 Gncsen
1176 1804 1227 1860 pro
1243 1804 1275 1843 se
1294 1787 1547 1860 archiepiscopum
1572 1786 1745 1855 constituit,
1768 1803 1830 1859 per·

117 1880 279 1952 gemitibus
294 1877 393 1933 delicti
409 1879 455 1933 sui
481 1878 597 1933 veniam
623 1877 822 1949 postulabant.
840 1879 898 1934 lloc
913 1879 947 1913 ***
1000 1874 1165 1947 ductasque
1180 1875 1210 1929 in
1227 1875 1429 1932 Pomcruniam
1453 1875 1558 1930 aduee
1572 1879 1649 1932 terre
1665 1874 1827 1930 honorilice

37 1998 40 2003 ·
117 1967 220 2024 videns
235 1967 339 2022 beatas
362 1965 549 2034 adulterine,
564 1966 694 2021 obmisso
720 1966 835 2022 iuterim
861 1983 946 2038 opere
1000 1968 1148 2035 exceptus.
1165 1964 1296 2019 Eundem
1313 1965 1421 2037 quippe
1441 1963 1602 2036 principem
1624 1963 1825 2037 jampridem

120 2053 352 2128 predicacionis,
369 2054 415 2108 cui
432 2057 491 2108 toto
517 2053 671 2109 conanime
695 2053 860 2122 insistebat,
878 2072 946 2111 con·
1001 2056 1121 2108 sanetus
1135 2052 1312 2108 Adalbertus
1335 2054 1365 2108 in
1392 2052 1511 2109 Polonia
1534 2053 1746 2125 baptizaverat,
1762 2068 1826 2109 cum

117 2161 219 2200 versus
234 2143 270 2198 ud
287 2141 362 2209 illos,
380 2145 412 2196 ut
427 2142 526 2197 animo
543 2140 720 2197 mitissimus
743 2148 814 2210 erat,
833 2143 947 2215 placide
1001 2140 1071 2197 illue
1083 2142 1116 2175 ***
1132 2140 1298 2197 advenisset
1316 2158 1368 2213 pro
1394 2140 1455 2197 lilia
1476 2139 1559 2196 ducis
1586 2139 1720 2210 Polonie,
1735 2141 1826 2213 ipsam

117 2231 279 2305 alloquitur
293 2248 352 2296 eos,
368 2230 469 2286 dicens
486 2247 492 2284 :
509 2230 580 2297 Srte,
596 2233 788 2302 [reticuerim
807 2233 855 2305 qui
866 2235 944 2289 estis.
1001 2229 1057 2287 sibi
1072 2230 1226 2303 postulans
1242 2231 1271 2285 in
1288 2246 1423 2298 uxorem3
1440 2247 1528 2302 quarn
1545 2228 1587 2285 illi
1604 2230 1721 2286 tradere
1737 2228 1828 2287 noluit

119 2322 208 2388 Video,
225 2320 294 2394 quad
309 2336 407 2375 manre
424 2320 538 2375 Domini
563 2322 649 2392 tettpit
674 2338 717 2376 rea
742 2322 870 2395 vobisque
895 2324 947 2379 tri·
1001 2325 1160 2392 antequam
1173 2319 1213 2375 ibi
1229 2320 1264 2375 ab
1286 2320 1490 2392 compontifice
1504 2319 1663 2375 Adalberto
1687 2318 1825 2392 baptismi

118 2410 361 2476 initiatellcctum,
372 2416 402 2463 ut
416 2417 556 2480 peecatum
576 2417 694 2465 restrum
708 2418 895 2481 cognoscentes
912 2411 948 2466 ed
1001 2410 1171 2466 lavachrum
1185 2408 1372 2481 percepisset.
1391 2407 1515 2465 Proinde
1530 2411 1672 2464 convocat
1692 2409 1756 2464 dux
1779 2408 1828 2464 Po·

117 2501 202 2556 Deam
216 2499 423 2571 approximetis,
439 2499 488 2570 qui
511 2507 592 2553 canet
605 2500 735 2555 contritos
750 2499 838 2565 corde,
854 2517 886 2555 uc
900 2515 950 2572 per
1002 2497 1131 2554 nreranie
1146 2497 1288 2571 populum
1305 2514 1403 2565 suum,
1420 2502 1451 2553 ut
1466 2515 1483 2553 a
1497 2501 1598 2553 saneto
1621 2496 1763 2571 episcopo
1777 2515 1829 2553 au·

118 2589 168 2646 hoc
196 2590 286 2661 ipsum
317 2585 523 2642 inisericordem
547 2588 644 2655 Druna,
671 2590 750 2661 cujus
779 2605 826 2660 epe
854 2606 948 2645 seruus
1003 2588 1085 2643 diunt
1101 2586 1457 2642 verbunrDei.Audientes
1474 2585 1829 2659 igiturPomeraniiquod

119 2695 192 2746 sum,
207 2676 337 2733 denuntio
353 2676 387 2710 ***
405 2691 494 2731 errori
519 2684 605 2733 aestro
630 2676 830 2748 iuclulpmtr'em
849 2681 949 2750 presti-
1003 2676 1177 2749 predicaret,
1194 2675 1264 2747 quia
1279 2674 1319 2729 dii
1338 2691 1438 2731 corum
1463 2692 1537 2748 quos
1552 2673 1699 2744 colebant,
1716 2674 1758 2738 dii
1774 2691 1828 2732 nen

118 2769 194 2824 tissa.
211 2768 324 2838 Propter
339 2765 408 2838 qaod
423 2781 519 2820 serenes
533 2767 592 2837 ejrar
607 2767 637 2821 ie
655 2769 766 2822 nervine
790 2768 877 2839 ipsius
901 2769 950 2824 liei
1003 2767 1102 2820 essent
1117 2764 1168 2821 sed
1185 2764 1335 2833 demones,
1345 2780 1398 2819 nce
1413 2763 1524 2835 aliquid
1542 2767 1677 2835 prestare
1688 2763 1758 2819 honi
1770 2780 1830 2838 pes

116 2865 143 2912 et
164 2856 277 2912 Dereiei
303 2854 392 2909 riustri
412 2853 476 2908 Jese
502 2852 605 2909 Christi
629 2855 759 2908 creatoris
789 2856 867 2909 omni
893 2855 948 2909 tin-
1004 2858 1079 2923 sent,
1094 2853 1281 2909 vehementer
1296 2852 1440 2926 indignati
1456 2858 1526 2909 sunt
1542 2857 1644 2909 eontra
1669 2869 1739 2909 eum
1754 2852 1829 2909 blas·

115 2961 179 3018 pam
203 2945 237 2979 ***
260 2944 383 3015 officium
405 2941 500 2998 redde.
519 2941 581 2997 lliis
606 2941 692 2998 dictis
708 2947 737 2997 et
753 2942 836 3015 signo
853 2928 949 3000 crucis
1004 2945 1186 3018 phenranleS,
1203 2942 1437 3014 conveniuntque
1450 2941 1480 2996 in
1495 2958 1587 2997 unum
1607 2942 1660 3014 qui
1682 2941 1761 2998 inter
1782 2958 1829 2999 cos

116 3050 209 3105 super
220 3048 269 3087 eos
282 3029 526 3098 lucto,eonl'cstim
539 3028 671 3085 solutum
684 3030 950 3104 vinculamlinguae
1005 3032 1213 3106 prudenciores
1230 3032 1451 3104 reputabantur,
1467 3048 1535 3087 eum
1551 3048 1640 3103 super
1655 3031 1755 3088 verbis
1769 3030 1829 3088 auis

116 3121 264 3194 ipsorum,
290 3124 319 3173 et
343 3119 457 3173 cunctis
478 3117 666 3188 stupentibus
690 3125 830 3190 ceperant
852 3119 942 3192 loqui,
958 3111 979 3177 C
1000 3121 1173 3193 redarguere
1188 3123 1397 3191 attemptantes
1413 3120 1456 3174 ***.
1472 3119 1529 3175 Sed
1548 3122 1652 3177 saneto
1667 3119 1826 3177 Adulbertu

118 3207 326 3279 Christumque
336 3223 436 3262 aarum
449 3222 513 3261 csse
524 3206 611 3261 deum
621 3207 737 3279 magnis
748 3208 866 3263 vocibus
877 3226 942 3265 con·

118 3297 255 3354 clamare.
268 3294 410 3367 baptismi
425 3293 515 3367 igitur
530 3294 659 3365 graciam
675 3296 805 3366 accipere
820 3296 942 3369 cupien-

118 3384 357 3457 tes,priusvcrho
368 3383 434 3439 fidei
445 3387 565 3454 precatu
578 3382 709 3454 ipsorum
722 3384 872 3441 instruens
881 3402 943 3455 cos,

119 3473 186 3531 fecit
199 3490 233 3529 ex
248 3489 325 3544 aqua
340 3474 368 3528 et
382 3470 487 3544 spiritu
504 3471 666 3543 regenerari
682 3472 726 3526 ***.
743 3473 774 3528 ln
792 3474 848 3528 side
863 3475 944 3530 deni-

118 3580 175 3636 que
183 3560 357 3628 confirmati,
365 3560 552 3615 sanctissimo
561 3560 690 3632 pontifici
700 3560 835 3617 alacriter
843 3580 945 3620 omnes

118 3653 148 3708 in
183 3666 340 3707 commune
373 3647 552 3721 supplicant,
584 3649 739 3705 dicentes:
769 3650 946 3708 Sermtite‘cm

118 3749 203 3805 tuere,
219 3739 324 3810 parante
337 3740 529 3810 maeipeterttis
543 3739 602 3805 Dei,
618 3741 789 3795 unanimiter
813 3741 946 3812 implere·

116 3847 188 3899 mus,
202 3838 233 3886 et
253 3845 304 3902 pro
331 3829 489 3901 iniquitate,
507 3844 589 3899 qutun
608 3827 718 3900 quidem
733 3830 765 3863 ***
780 3846 841 3885 eece
855 3847 887 3885 ec
899 3833 945 3902 [u-

118 3923 192 3977 riom
206 3926 294 3975 rmrrte
308 3919 336 3972 in
352 3925 377 3973 te
392 3918 590 3982 contunsione,
606 3918 707 3990 reliquit
719 3935 852 3990 irruptam
870 3920 946 3976 nobis

120 4010 148 4064 iu
163 4008 377 4079 satisfactionem
392 4007 516 4076 imponas
530 4005 565 4060 ud
587 4009 749 4062 raemoriam
766 4015 945 4078 posterorum.

118 4097 162 4151 Ad
185 4109 259 4166 quos
278 4094 381 4149 beatus
405 4091 534 4165 presul:
562 4092 654 4149 Laudo
676 4111 732 4160 uos,
758 4094 864 4167 inquit,
880 4097 944 4168 filii,

120 4181 190 4255 qued
204 4180 254 4235 sub
277 4195 364 4235 ariana
375 4179 425 4235 Dei
449 4181 498 4251 pia
513 4178 658 4236 delectere
680 4180 884 4238 humiliamini.
901 4183 947 4240 Ve-

118 4275 273 4326 rumtamen
287 4267 437 4322 certissime
454 4266 701 4339 lucernamque
726 4269 793 4324 illuc
815 4277 840 4325 et
861 4278 949 4327 cetere

116 4364 226 4432 peccate
242 4362 330 4412 restra
344 4356 439 4411 omnia
453 4354 528 4410 uotis
542 4356 572 4409 in
586 4355 730 4426 baptimate
745 4365 809 4413 sunt
822 4358 947 4427 dimerse,

119 4444 303 4506 tantummodo
329 4446 429 4500 mentis
463 4445 641 4516 ripilenciara
668 4447 822 4514 observetis,
851 4466 887 4506 ee
913 4451 949 4506 ed

116 4538 238 4610 prutina
250 4535 326 4590 reete
338 4550 388 4590 seu
409 4533 467 4589 elic
482 4541 644 4590 reuertentes
658 4545 812 4608 perceptam
825 4541 947 4610 praetem

122 4626 265 4681 emittetis.
292 4623 424 4695 Cumque
449 4622 543 4695 magis
568 4639 602 4678 ac
626 4623 721 4697 magis
745 4625 890 4684 instarent
903 4630 946 4699 ***,

116 4712 220 4772 statuit
235 4711 323 4780 eis,ut
339 4715 406 4767 ante
418 4710 676 4783 quadragesimam
687 4729 704 4767 a
714 4716 944 4788 septuagesima,

124 4803 207 4878 prius
220 4818 309 4874 quum
325 4800 374 4856 alii
385 4799 543 4856 Christiani
551 4801 699 4872 jejunium
708 4802 948 4879 inchoarent,ipai

123 4893 160 4949 ab
174 4909 227 4947 esu
241 4888 374 4946 earnium
390 4906 485 4962 usque
505 4889 542 4945 ud
567 4890 644 4946 diem
670 4890 800 4946 cinerum
819 4893 947 4952 abstine-

119 4984 191 5036 rent.
209 4979 290 5046 Quod
307 4983 476 5051 preceptum
492 4978 592 5033 devote
618 4979 823 5052 suscipientes
841 4983 870 5038 in
889 4984 948 5042 vita

119 5086 174 5126 sua
189 5065 314 5122 fideliter
328 5066 531 5121 custodierunt
545 5083 579 5120 ae
594 5065 756 5137 posteritati
782 5086 834 5125 sue
847 5073 945 5129 obsor-

119 5156 250 5212 vaudum
264 5154 348 5225 qnasi
357 5155 424 5226 jure
440 5151 614 5209 hereditario
630 5155 824 5213 tradiderunt.
835 5159 946 5232 Spiritu

995 3210 1153 3267 verberite
1175 3208 1290 3281 plenius
1315 3212 1517 3280 prosequente,
1544 3225 1576 3265 sc
1599 3209 1629 3264 in
1655 3211 1827 3283 deceptione

996 3298 1125 3355 devictos
1138 3298 1325 3365 confitentur,
1338 3313 1391 3352 nce
1403 3302 1530 3354 tamena
1544 3297 1625 3353 cultu
1641 3302 1786 3355 consueto
1796 3314 1828 3355 ac

997 3386 1101 3461 primis
1116 3385 1328 3442 tradicionibus
1344 3402 1375 3441 se
1390 3385 1463 3442 velle
1482 3387 1615 3443 recedere
1636 3386 1822 3460 pollicentur.

997 3477 1194 3532 Ammirautes
1206 3474 1296 3547 igitur
1305 3473 1389 3530 valde
1397 3492 1486 3548 super
1497 3476 1659 3549 prudencia
1669 3480 1700 3533 et
1709 3492 1828 3549 rospon-

998 3566 1040 3622 sis
1051 3566 1116 3636 ejus
1126 3568 1155 3620 et
1165 3562 1322 3620 venerabili
1333 3580 1456 3635 persono
1467 3562 1561 3636 ipsius
1571 3565 1741 3621 reverencia
1752 3563 1826 3622 illec-

999 3655 1021 3709 ti
1037 3655 1079 3723 ***,
1091 3655 1248 3726 ipsumque
1261 3669 1541 3726 supercommunem
1551 3657 1662 3710 statum
1673 3654 1825 3712 homiuum

1000 3760 1063 3800 esse
1079 3741 1185 3814 aliquit
1199 3742 1385 3811 arbitrantes,
1402 3743 1551 3814 petebant,
1563 3747 1595 3798 ut
1609 3759 1680 3798 eam
1693 3742 1762 3801 aliis
1772 3742 1826 3800 diis

1000 3849 1101 3889 eorum
1117 3832 1152 3887 ab
1169 3831 1242 3903 ipsis
1258 3847 1288 3887 sc
1304 3831 1484 3902 permitteret
1499 3831 1625 3888 adorari.
1637 3834 1702 3898 Quo
1715 3830 1826 3900 auditu,

1000 3922 1044 3976 vir
1059 3921 1110 3976 lici
1127 3919 1252 3975 nimium
1268 3920 1459 3977 contristatus
1475 3937 1508 3976 uc
1522 3923 1604 3976 tauto
1618 3920 1712 3977 errori
1727 3936 1826 3977 eorum

1001 4009 1170 4077 condolens,
1198 4008 1326 4081 graviter
1353 4009 1507 4082 ingemuit,
1539 4007 1680 4067 lacrimas
1712 4024 1827 4082 queque

1002 4098 1129 4155 ubertim
1144 4099 1324 4170 profundens
1339 4098 1383 4166 ***,
1396 4098 1439 4154 sic
1453 4098 1496 4154 eis
1511 4098 1690 4171 respondet:
1706 4099 1765 4155 ileu
1776 4099 1827 4155 ηἰ-

1001 4189 1076 4244 seri!
1094 4203 1176 4259 quem
1190 4189 1246 4243 ceci
1265 4189 1330 4243 estu
1353 4195 1379 4243 et
1403 4203 1486 4259 quem
1507 4185 1620 4258 perditi,
1641 4194 1827 4260 quantumque

1000 4276 1139 4350 plorandi,
1166 4277 1215 4349 qui
1237 4292 1293 4332 nen
1316 4276 1405 4332 solum
1429 4276 1587 4333 ementem
1612 4277 1756 4349 pessimis,
1782 4273 1826 4332 aad

1002 4369 1089 4422 eciem
1103 4365 1210 4422 homiui
1230 4366 1341 4422 mortali
1354 4365 1481 4422 deitatem
1499 4365 1581 4420 uude
1604 4365 1764 4434 (κινήσω
1779 4378 1827 4438 qu

963 4477 987 4541 D
1003 4456 1060 4511 nisi
1073 4456 1127 4511 seli
1142 4459 1195 4510 Deo
1211 4455 1299 4510 inesse
1310 4461 1405 4525 petest,
1420 4456 1469 4526 qai
1482 4462 1580 4510 euecta
1594 4455 1709 4511 meavit.

1036 4544 1064 4598 ὓ.
1081 4542 1151 4598 lude
1167 4541 1316 4598 Pruseiam
1328 4559 1408 4599 mare
1422 4539 1825 4614 transiens,adjuuxitsecui·

1002 4633 1070 4689 darn
1087 4632 1223 4696 Pruteno,
1239 4631 1290 4702 qui
1306 4629 1472 4687 Pelouieam
1488 4630 1621 4704 linguam
1638 4629 1730 4699 novit,
1742 4644 1825 4703 quem

1002 4721 1038 4777 ad
1055 4720 1142 4776 fidem
1157 4718 1215 4776 cite
1230 4718 1379 4775 convertit.
1395 4719 1448 4785 Qui
1463 4717 1596 4790 hospicio
1618 4718 1740 4776 beatum
1753 4734 1824 4792 pou·

1001 4808 1110 4865 tificem
1125 4805 1282 4880 excipiens,
1307 4805 1365 4878 ipsi
1390 4809 1567 4862 revertenter
1591 4807 1781 4878 sequebatur,
1797 4806 1826 4861 ct

1001 4898 1038 4953 de
1054 4897 1192 4952 mandato
1208 4896 1283 4966 ejus,
1297 4894 1498 4951 Christianum
1516 4911 1547 4950 se
1561 4910 1627 4951 esse
1647 4895 1687 4951 ad
1712 4898 1825 4967 tempus

1001 4988 1038 5043 ab
1053 4986 1119 5042 aliis
1135 4983 1310 5041 occultabat.

1035 5079 1063 5130 7.
1081 5073 1199 5148 Legitur
1213 5077 1242 5130 et
1257 5075 1300 5141 ***,
1317 5073 1395 5144 quod
1416 5072 1587 5129 imminente
1611 5072 1751 5144 passione
1774 5088 1826 5129 sua

1002 5180 1069 5221 cum
1085 5163 1208 5218 missam
1223 5159 1383 5216 celebraret
1397 5161 1501 5217 beatus
1515 5158 1703 5229 aedbertus,
1715 5158 1825 5234 indigni

798 5272 917 5333 VARIAE
937 5277 1148 5336 LECTIONES.

157 5366 401 5422 ⁴³¹arrrrunciutc.
441 5366 729 5439 ⁴²³i.qnosp.q.c.
768 5369 925 5431 ***ὴίοαῖ
965 5375 1209 5433 urdenunteioc.
1257 5371 1446 5445 “ilinguee
1494 5372 1746 5446 “regeneratia
1793 5373 1824 5408 ***

120 5437 197 5562 qdc.
236 5439 444 5495 ⁸³⁸inslurcte.
484 5436 671 5494 ‘llvolense
709 5440 887 5501 “lanuosc.
927 5450 960 5485 ***
977 5448 1049 5505 illud
1063 5466 1085 5504 e.
1125 5448 1410 5517 “²utemptantesc.
1450 5443 1653 5517 “iillegittie
1702 5444 1737 5478 ***
1761 5460 1822 5516 pro·

134 5525 152 5563 u

155 5509 277 5568 ndentes
292 5526 316 5565 c.
354 5511 387 5545 ***
402 5515 430 5566 ct
444 5509 522 5583 quod
537 5513 601 5566 etc.
