3900 6090
132 254 209 316 1073
617 258 798 321 lllSTOltlrl
824 255 1006 318 tuTauvAE
1027 257 1091 318 DEl
1115 258 1347 322 Gssulrulcts.
1752 265 1831 330 1011

128 389 180 445 llis
196 388 237 445 ita
251 389 417 459 transactis,
428 389 529 449 laudes
540 390 623 465 plebs
638 395 794 464 concrepat
809 390 915 460 omnis,
968 391 995 461 Α
1010 390 1129 448 Frustra
1143 391 1316 449 cordetenus
1332 409 1389 466 quo
1401 391 1464 466 jam
1482 393 1576 452 luerat
1590 395 1749 470 eruciatus,

129 481 232 535 Grates
248 479 413 535 Altitlrrono
430 480 585 538 reddentes
601 487 717 556 pertore
732 482 808 537 lato,
1008 480 1108 538 'Palem
1125 482 1194 537 dum
1211 483 1362 555 gravidam
1379 483 1519 540 sensisset
1536 486 1608 543 torte
1619 486 1758 559 puellam,

127 570 178 626 86
194 570 245 625 Cui
262 569 373 642 placuit
387 569 471 643 signo
483 572 598 642 justum
615 575 779 627 monstrare
794 570 915 637 novello,
1008 571 1137 637 Qualiter
1151 577 1179 628 et
1193 572 1288 629 tristis
1303 571 1416 628 solatur
1430 576 1560 647 tempore
1575 575 1680 645 noctis,

128 661 192 732 lpse
209 660 259 715 sed
275 659 368 714 artatis
385 676 443 716 non
460 660 616 717 immemor
629 660 787 728 ulterioris,
1007 659 1137 734 Virginis
1151 661 1267 717 intacta
1278 662 1383 732 jussus
1399 679 1500 717 euram
1516 663 1652 734 retinere,

127 750 295 805 Protestans
311 765 444 821 proceres
460 767 491 805 se
507 751 698 823 progenuisse
713 754 844 823 nepotes,
1006 748 1136 822 Virginis
1151 754 1179 805 et
1194 750 1254 805 nati
1272 750 1355 806 nobis
1372 751 1407 806 de
1422 750 1517 807 sidere
1533 751 1628 809 missi.

127 839 233 910 Magno
250 842 380 909 percerte
396 840 489 895 fertur
504 840 631 912 rogitare
645 841 756 912 pudore
1007 838 1072 894 llac
1087 839 1245 913 evangelici
1262 840 1467 895 demonstrant
1481 845 1586 897 cuncta
1601 841 1705 913 libelli,

127 928 292 992 Pontifices,
311 928 433 983 Mariam
449 946 506 1000 quo
522 946 579 984 non
595 928 701 985 vellent
716 929 771 985 sibi
797 927 950 1000 pulchram
1006 927 1126 984 Nostros
1141 933 1169 984 ct
1185 927 1303 1001 fragiles
1318 929 1461 984 excedunt
1477 929 1603 1002 donique
1617 931 1703 988 vires.

127 1017 223 1092 lpsius
238 1017 367 1091 proprio;
385 1017 436 1072 scd
452 1034 590 1088 sponsam
607 1019 720 1073 tradere
737 1021 814 1074 nato.
1006 1015 1056 1071 His
1072 1033 1125 1073 nos
1138 1017 1320 1073 transmissis
1336 1022 1471 1073 constant
1486 1019 1555 1091 quia
1572 1022 1688 1093 cognita
1703 1025 1827 1096 cunctis,

126 1109 207 1174 Quod
217 1107 525 1178 cumlortonagant,se
534 1107 683 1180 signatum
694 1112 949 1180 quoquonarrant,
1006 1105 1175 1162 Sermonem
1189 1107 1271 1161 vohis
1286 1111 1399 1161 lantum
1419 1107 1560 1162 iaciemus
1576 1108 1612 1163 ab
1630 1108 1698 1178 illis,

126 1199 167 1254 No
183 1196 323 1268 cuiquam
340 1196 417 1251 credi
435 1199 567 1251 sanctam
583 1197 687 1252 dobere
702 1196 842 1269 puellam,
1004 1194 1128 1251 Charius
1143 1193 1173 1249 in
1189 1194 1296 1267 templo
1311 1212 1375 1268 qum
1389 1195 1548 1252 creduntur
1563 1197 1635 1254 torte
1650 1197 1737 1255 dicta.

126 1291 217 1354 Quam
234 1284 392 1357 sibi,qucm
404 1284 546 1341 Dominus
557 1285 653 1341 solum
670 1286 803 1343 iecitlore
814 1285 947 1360 dignum,
1039 1282 1122 1339 Certe
1137 1299 1205 1339 cum
1221 1282 1355 1340 stabilem
1371 1284 1495 1341 volitans
1510 1285 1621 1342 veniret
1637 1286 1666 1344 in
1683 1289 1783 1346 orbem

126 1379 266 1443 Exorans,
283 1373 356 1430 elias
372 1373 459 1446 coepit
475 1374 601 1448 rogitare
617 1373 730 1448 puellas
1003 1370 1138 1446 Undique
1154 1373 1302 1446 subjectos
1314 1372 1438 1429 describi
1448 1372 1544 1445 jussio
1560 1373 1650 1433 lectos

126 1464 201 1522 Mitti
217 1478 285 1520 cum
301 1461 402 1531 Maria,
419 1476 509 1517 causa
523 1460 675 1518 solaminis
691 1477 770 1535 ergo,
1003 1461 1124 1519 Gesseris
1137 1462 1261 1536 Augusti
1278 1478 1457 1535 censumque
1473 1461 1528 1520 sihi
1544 1464 1684 1537 prolltcri,

126 1558 204 1621 Qua,
219 1549 308 1608 veluti
322 1550 495 1607 connutritor
510 1549 654 1622 sociaque
669 1565 779 1617 coaeva,
1003 1551 1054 1608 88
1069 1550 1178 1625 Joscpb
1193 1553 1229 1608 ad
1247 1551 1372 1624 patriam
1386 1551 1519 1608 Bethlem
1535 1558 1700 1625 perrexerat
1711 1556 1825 1626 urbem,

125 1642 206 1700 lllam
222 1639 360 1712 colloquii
377 1638 486 1695 scirent
501 1637 643 1695 solamine
658 1636 747 1705 dulei,
1003 1641 1075 1696 Cum
1091 1641 1269 1715 desponsata
1284 1640 1402 1697 sibimet
1417 1646 1585 1716 praegnante
1601 1642 1710 1711 llloria3
1820 1707 1824 1715 ,

124 1735 242 1804 Absque
257 1745 340 1786 mora
355 1726 499 1784 consolari
516 1743 552 1784 ne
565 1727 645 1800 virgo
661 1729 765 1801 pudori
1002 1731 1038 1785 Et
1053 1747 1120 1786 eum
1137 1729 1257 1787 tamesis
1270 1735 1369 1786 essent
1383 1745 1473 1803 prope
1489 1730 1636 1788 moenibus
1653 1732 1745 1802 urhis,

124 1823 254 1894 Conjugo
269 1833 322 1892 pro
336 1816 434 1873 vetulo
450 1816 531 1872 fieret
548 1817 679 1889 subjecta
694 1815 812 1888 tenella,
1001 1817 1129 1891 dspexit,
1144 1835 1201 1875 non
1217 1819 1375 1892 corporeis,
1392 1820 1442 1876 scd
1459 1824 1558 1877 menta
1573 1819 1684 1890 ocellis,

124 1911 205 1980 Quod
222 1927 290 1966 mox
305 1907 458 1981 pontisscos
475 1906 537 1962 fieri
548 1907 665 1977 jussere
679 1911 825 1978 parentes,
1002 1906 1141 1964 Cominus
1155 1907 1233 1963 alma
1248 1908 1322 1963 duos
1335 1907 1509 1980 virguncula
1522 1913 1598 1967 stare
1613 1911 1753 1984 popellos,

124 2002 180 2058 Sed
196 1999 293 2056 senior
310 1998 419 2053 trustra
434 1997 590 2051 sudaverat
606 1997 664 2051 ista
679 1996 820 2069 rogando,
1001 1996 1098 2053 Unum
1113 1997 1267 2062 ridentem,
1283 2012 1336 2052 nee
1352 2013 1409 2051 non
1425 1995 1515 2053 alium
1532 1997 1752 2071 lacrymantem,

124 2091 187 2146 Non
203 2088 272 2159 sibi,
289 2087 340 2142 sed
354 2085 480 2153 Christo,
498 2086 593 2140 iuerat
608 2085 678 2157 quia
691 2084 772 2157 virgo
786 2083 891 2139 dicata.
1002 2086 1083 2152 Quod
1098 2085 1208 2158 loseph
1223 2084 1320 2140 vetulo
1335 2102 1469 2154 narrans,
1486 2086 1598 2143 audivit
1614 2087 1649 2144 ab
1666 2087 1715 2144 illo
1733 2106 1739 2144 :

160 2180 316 2250 Postquam
331 2174 485 2247 pontifices
501 2173 627 2245 preculis
642 2189 756 2230 cessere
770 2173 927 2246 precantis,
1001 2175 1124 2232 Contine
1138 2176 1270 2247 subjecto
1286 2178 1401 2231 tantum
1417 2178 1444 2230 te
1460 2175 1514 2232 rita
1525 2174 1672 2247 jumento,

125 2267 235 2339 loseph
248 2265 422 2322 servandam
439 2264 569 2335 suscepit
581 2279 709 2335 namque
723 2261 864 2336 puellam,
1001 2265 1036 2320 st
1051 2263 1121 2333 noli,
1138 2281 1238 2338 posco,
1254 2281 1372 2320 narrare
1387 2264 1536 2337 superflua
1548 2265 1645 2322 verbu.

122 2359 158 2414 st
173 2354 283 2430 pariter
297 2352 415 2418 missas,
432 2351 462 2407 ni
477 2351 573 2418 fallor,
588 2350 720 2423 quinquo
733 2350 856 2424 puellas,
922 2389 924 2392 >
1036 2354 1164 2418 Dixerat,
1180 2357 1209 2409 et
1220 2354 1359 2425 juvenem
1375 2370 1472 2409 coram
1488 2355 1637 2426 prespexit
1651 2355 1782 2427 herilem,

123 2450 253 2515 Quarum
271 2443 396 2515 sicergo
412 2441 573 2496 creduntur
587 2438 707 2495 nomina
718 2440 795 2496 dicta
812 2447 818 2494 ':
1001 2443 1055 2509 Qui
1071 2442 1127 2498 sibi
1144 2441 1317 2515 mysterium
1332 2440 1489 2498 declaravit
1505 2443 1680 2515 populorum
1842 2446 1849 2453 '

123 2533 322 2609 Sophipbona,
338 2529 435 2597 Zabel,
452 2530 598 2597 Susanna,
615 2529 756 2598 Rebecca,
770 2529 889 2602 Abigea,
1000 2530 1083 2587 Talia
1098 2535 1213 2588 sacrata
1226 2531 1326 2587 dicens
1343 2548 1394 2603 pro
1408 2530 1519 2603 virgine
1532 2531 1619 2588 verba
1637 2549 1642 2589 ε

122 2625 175 2692 011
193 2639 267 2696 opus
282 2622 318 2677 ad
335 2618 437 2692 templi
454 2616 621 2691 pertingens
637 2634 764 2690 namquo
780 2617 886 2674 sacrati
959 2645 964 2656 ¹
1001 2621 1059 2676 Cur
1071 2619 1144 2676 dieis
1159 2619 1281 2676 Mariam
1297 2637 1354 2676 non
1374 2619 1494 2674 verbula
1507 2635 1574 2676 vera
1588 2619 1715 2678 locutam

122 2713 262 2771 Traditur
276 2714 414 2766 ornatum
431 2709 563 2764 studiose
578 2707 789 2780 pertlciendum
1000 2709 1184 2783 Indignatus,
1199 2725 1263 2765 curn
1278 2713 1421 2765 secretum
1438 2721 1554 2764 eernere
1569 2708 1663 2766 solam

122 2804 254 2875 Purpura
271 2815 338 2855 cum
354 2798 441 2870 bysso
457 2796 552 2852 linum
568 2813 635 2851 eum
650 2794 755 2851 vellere
771 2812 880 2863 serum,
1000 2800 1073 2855 Nam
1090 2798 1207 2854 llentem
1223 2795 1364 2870 populum
1381 2797 1484 2853 merito
1499 2797 1571 2853 vidit
1585 2797 1758 2866 Judcorum,

121 2893 255 2964 Purpura
270 2889 320 2945 scd
337 2891 443 2943 sanctas
461 2886 575 2957 fulgens
591 2885 739 2957 operanda
756 2885 864 2953 Mariae,
1000 2888 1054 2955 Qui
1067 2903 1133 2943 mox
1147 2905 1164 2942 a
1180 2886 1303 2944 Domino
1319 2887 1448 2942 discedet
1463 2888 1549 2943 cerdo
1565 2887 1705 2961 maligno,

120 2981 255 3038 Creditur
270 2979 305 3033 ad
321 2975 418 3031 velum
434 2976 550 3030 Domini
567 2973 665 3046 templi
682 2974 854 3046 pretiosum.
1000 2977 1107 3032 Contra
1121 2976 1259 3049 gentilem
1274 2978 1324 3032 scd
1340 2976 1440 3031 latitia
1455 2977 1598 3032 fluitatem

157 3070 208 3125 His
223 3083 312 3140 snper
327 3081 455 3122 accensa
471 3068 629 3136 praesentes
645 3064 752 3135 quippo
768 3062 881 3136 puella,
999 3067 1039 3122 Ad
1055 3065 1121 3121 lidei
1137 3081 1277 3138 magnum
1289 3065 1360 3138 qnia
1375 3065 1521 3137 perveniet
1536 3070 1765 3122 sacramentum.

121 3156 274 3232 Opprobrii
290 3170 380 3210 causa
395 3152 530 3208 dixerunt
545 3151 641 3207 taliter
654 3166 722 3222 ergo
739 3168 745 3205 :
958 3136 980 3203 C
1034 3154 1085 3210 His
1100 3153 1197 3221 dietis,
1214 3154 1336 3209 Mariam
1351 3152 1457 3209 blando
1473 3170 1631 3210 conversus
1646 3156 1682 3210 ad
1707 3154 1820 3212 almam

121 3249 198 3305 Num
214 3250 242 3301 te
256 3244 387 3316 reginam
403 3246 518 3297 constat
533 3245 599 3314 post
613 3240 674 3295 hac
690 3241 749 3295 fore
765 3244 907 3307 nostram,
999 3246 1127 3316 Tempus
1143 3243 1246 3298 adesso
1261 3242 1317 3299 sibi
1333 3242 1482 3298 Christum
1498 3246 1597 3298 narrat
1612 3243 1746 3316 pariendi

120 3337 187 3393 lam
203 3333 328 3390 texenda
339 3331 404 3398 tibi,
421 3330 491 3403 quia
505 3346 635 3403 purpura
649 3329 779 3385 creditur
793 3328 844 3385 111
998 3335 1065 3399 Quae
1081 3334 1117 3388 de
1133 3332 1265 3403 subjecto
1281 3332 1433 3387 descendit
1445 3332 1532 3406 jus'sa
1542 3332 1678 3402 jumento

120 3427 183 3482 Non
200 3439 287 3496 parvo
302 3437 370 3477 cum
385 3421 426 3475 sis
437 3420 540 3490 junior
555 3424 586 3476 tu
603 3423 733 3492 tempore
748 3418 853 3484 nobis;
998 3423 1114 3478 lntrans
1130 3420 1300 3493 speluncam
1317 3421 1372 3476 suh
1387 3425 1464 3476 terra
1479 3419 1532 3476 rito
1548 3420 1672 3476 locatam
1757 3487 1761 3497 ι

121 3517 188 3581 Qum
203 3519 273 3568 tunc
290 3513 323 3565 11
335 3526 450 3581 semper
465 3509 539 3564 bene
554 3507 700 3564 sustinuit
715 3508 871 3580 patienter,
997 3513 1065 3578 errn
1081 3509 1157 3566 male
1174 3511 1326 3583 praesentis
1342 3511 1458 3582 penit-us
1473 3510 1528 3565 suit
1542 3511 1636 3567 inscia
1650 3509 1725 3567 lucis

120 3601 203 3659 Talia
219 3616 272 3656 nec
284 3599 371 3655 verbo
381 3599 444 3669 jhm
461 3598 674 3652 contradixerat
689 3597 758 3652 ullo.
996 3600 1032 3654 llt
1046 3615 1134 3671 quam
1149 3599 1293 3653 continuae
1310 3615 1426 3669 sempor
1442 3602 1560 3653 tonuere
1575 3599 1711 3655 tenebra.

155 3692 204 3748 87
221 3693 328 3746 dstans
344 3687 396 3744 sed
412 3688 500 3743 eitius
516 3691 617 3741 custos
632 3703 748 3759 semper
764 3685 820 3741 sibi
834 3686 911 3742 ddus
997 3688 1053 3744 Sed
1070 3704 1146 3752 mox,
1163 3691 1195 3741 ut
1209 3685 1304 3741 lueom
1320 3685 1446 3756 genitrix
1462 3686 1593 3758 paritura
1608 3704 1766 3758 perennem

119 3780 247 3855 Angelus
258 3776 401 3850 astrigera
416 3776 548 3848 dilapsus
563 3775 637 3831 dixit
651 3776 687 3831 ab
703 3775 782 3842 aula,
997 3776 1077 3832 Hane
1091 3774 1173 3844 adiit,
1191 3774 1280 3830 radiis
1296 3774 1384 3845 coepit
1400 3772 1510 3846 fulgere
1526 3774 1658 3830 coruscis

119 3872 182 3927 Non
197 3872 235 3937 te,
252 3868 343 3940 virgo,
362 3881 431 3938 rogo
447 3865 602 3937 pertubant
616 3864 688 3920 talia
700 3865 798 3932 verba,
997 3865 1054 3921 Noc
1070 3868 1136 3938 post
1150 3864 1209 3919 hac
1225 3863 1264 3918 ibi
1281 3861 1405 3917 emlestis
1421 3861 1471 3917 lux
1486 3863 1575 3918 detuit
1592 3864 1671 3918 omni

120 3961 183 4016 lstre
199 3961 327 4031 percerte
344 3955 414 4028 quia
427 3958 526 4009 vatum
543 3969 623 4009 more
639 3952 753 4021 locutas,
996 3956 1138 4026 Tempore
1154 3970 1210 4026 quo
1226 3951 1353 4024 genitrix
1368 3951 1426 4006 illic
1443 3951 1552 4007 mansit
1567 3952 1638 4007 bcnc
1655 3952 1732 4009 felix.

119 4049 185 4105 Jam
202 4063 280 4102 nunc
292 4061 424 4118 presaga
438 4043 575 4099 dicebant
587 4058 656 4098 voce
671 4042 780 4108 futura,
1032 4044 1131 4099 Noctis
1147 4040 1310 4113 tranquilla
1327 4041 1422 4096 medio
1437 4040 1591 4096 libramine
1606 4044 1692 4110 certe,

120 4139 164 4194 Tu
180 4135 250 4211 quia
264 4133 326 4191 sola
341 4137 474 4206 potenter
489 4133 546 4188 oria
562 4131 663 4204 regina
678 4132 824 4203 perennis,
996 4132 1057 4190 Illic
1073 4133 1133 4188 hac
1147 4132 1247 4188 eadem
1264 4130 1366 4204 genuit
1376 4130 1550 4202 virguncula
1565 4129 1676 4204 prolem
1765 4156 1767 4160 ¹

120 4227 177 4283 Nec
193 4243 251 4282 nou
267 4221 406 4295 stelligeri
421 4221 599 4277 dominatrix
611 4219 720 4293 inclyta
734 4220 808 4276 coeli.
996 4223 1132 4279 Caudens
1148 4219 1287 4287 divinam,
1300 4218 1413 4275 cunctis
1429 4219 1536 4276 seculis
1550 4222 1757 4289 venerandam,

157 4316 225 4372 Post
241 4314 302 4368 brec
317 4315 428 4367 secreta
443 4310 589 4366 residebat
603 4309 632 4363 in
648 4309 708 4364 sado
724 4309 833 4381 quieta,
996 4311 1047 4367 Cui
1064 4327 1170 4365 nonren
1182 4309 1282 4375 lesus,
1298 4307 1344 4363 cui
1360 4307 1487 4376 sitlans,
1504 4309 1607 4382 gloria,
1624 4310 1727 4378 virtus,

120 4407 285 4477 Purpureos
301 4400 401 4473 digitis
416 4398 481 4454 illos
495 4400 619 4470 operans
635 4397 806 4454 benedictis.
996 4399 1112 4457 Solvere
1127 4400 1176 4471 qui
1193 4402 1325 4454 veterum
1341 4399 1460 4455 venicus
1480 4396 1597 4454 oracula
1612 4402 1721 4466 vatum,

119 4491 247 4566 Angelus
263 4494 292 4546 ct
306 4504 442 4545 summus
457 4486 572 4543 Gabriel
588 4487 794 4558 conspectibus
808 4489 882 4558 ejus,
958 4506 982 4571 D
997 4490 1091 4561 Sepro
1108 4487 1246 4544 salvande
1260 4491 1416 4543 venturum
1433 4487 1554 4559 praesciu
1569 4488 1680 4543 munde

119 4582 220 4639 Astitit
234 4579 377 4652 astrigera
392 4577 529 4633 caelorum
545 4576 647 4648 lapsus
662 4576 698 4630 ab
714 4575 781 4632 aula
998 4579 1101 4634 Pacem
1117 4576 1255 4652 coelicplis
1273 4576 1341 4632 lecit
1356 4593 1422 4632 eum
1435 4574 1547 4632 civibus
1563 4576 1652 4631 orbis.

118 4672 291 4746 Virgincum
307 4669 397 4723 decus
411 4665 506 4722 verbis
522 4665 627 4721 1111111
640 4664 753 4732 enticis,
997 4668 1047 4736 811
1064 4671 1155 4734 Quem
1171 4667 1304 4739 genitum
1320 4682 1402 4720 sacro
1419 4670 1504 4719 casta
1521 4665 1556 4720 dc
1571 4664 1693 4737 virginis
1708 4665 1782 4737 alvo,

118 4760 395 4820 sarracenatorum
411 4771 534 4811 narrans
549 4754 667 4810 oracula
681 4758 792 4809 vatum.
998 4757 1139 4813 Protenus
1156 4754 1306 4828 angelicus
1319 4754 1491 4809 circumstat
1507 4753 1633 4826 denique
1648 4757 1740 4810 emtus
1757 4773 1764 4810 z

119 4850 216 4925 lpsius
230 4849 336 4903 ecasto
352 4843 433 4901 nasci
449 4842 598 4916 dignarier
613 4841 676 4898 alvo
997 4847 1134 4903 Laudans
1150 4844 1307 4902 submissis
1323 4842 1461 4898 factorem
1477 4843 1597 4898 vocibus
1613 4843 1702 4912 orbis,

118 4937 274 4997 Altithreni
290 4934 401 5007 prolem
414 4929 524 4990 mundo
540 4931 613 4988 satis
628 4931 835 5004 antiquiorem,
998 4937 1090 4993 [trans
1106 4939 1135 4991 et
1149 4950 1272 5006 puerum
1289 4932 1373 4988 nobis
1389 4932 1424 4987 dc
1440 4931 1534 4988 sidere
1550 4932 1688 5000 missum,

117 5027 306 5102 virgineique
320 5024 442 5080 modum
458 5024 560 5096 partus
575 5025 674 5076 11111
689 5023 923 5079 memorandum.
997 5026 1053 5084 Sed
1071 5027 1163 5081 mater
1177 5020 1285 5090 subito,
1299 5022 1413 5077 cunctis
1427 5023 1602 5089 veneranda,
1620 5021 1723 5091 Maria,

153 5120 229 5192 Ergo
244 5128 303 5171 non
319 5112 429 5171 nestris
444 5112 521 5185 potis
536 5115 581 5167 est
596 5108 734 5182 exponier
748 5110 834 5180 orsis,
996 5114 1125 5172 Collocat
1140 5114 1265 5184 augusto
1280 5110 1402 5182 praesepi
1418 5112 1550 5166 membra
1564 5109 1672 5167 tenella

119 5198 221 5267 Nobile
236 5202 415 5276 colloquium
428 5200 515 5276 longo
530 5215 665 5257 sermone
680 5206 831 5271 peractum
997 5203 1114 5270 christi,
1131 5198 1298 5273 panniculis
1314 5216 1411 5273 regem
1426 5199 1565 5256 volvendo
1581 5216 1740 5272 perennem

118 5296 259 5371 Virginis,
275 5297 387 5351 eterna
401 5289 510 5348 Christi
525 5289 628 5346 matris
643 5288 800 5350 benedictae
1032 5292 1068 5349 tlt
1083 5288 1150 5364 pius
1164 5287 1276 5345 interea
1289 5286 1409 5360 Joseph,
1425 5288 1576 5361 digressus
1591 5289 1627 5345 ab
1642 5287 1705 5360 illa,

119 5390 223 5445 Partus
238 5383 354 5440 citanti
370 5398 453 5438 sacra
467 5379 615 5436 narrantis
629 5380 834 5454 paranymphi,
997 5382 1062 5438 Mox
1077 5378 1249 5436 obstetrices
1264 5394 1364 5433 secum
1380 5378 1463 5433 duxit
1478 5377 1628 5447 mulieres,

119 5477 176 5535 Sed
191 5490 244 5530 nec
260 5471 411 5545 dactylicis
426 5488 500 5544 opus
515 5474 560 5528 est
575 5487 629 5526 nos
645 5469 770 5543 psallere
784 5469 902 5527 chordis
996 5474 1062 5538 Qua
1078 5468 1179 5534 Zelmi,
1194 5464 1309 5523 Salomc
1324 5468 1439 5522 lucrant
1453 5467 1488 5522 dc
1504 5467 1621 5523 nomine
1635 5469 1730 5536 dictae,

121 5567 260 5639 Magnum
276 5579 430 5619 moerorem
446 5560 554 5632 Jesepb
571 5561 737 5631 durumque
754 5559 894 5629 dolorem,
997 5560 1064 5618 Sola
1079 5559 1129 5615 sed
1145 5555 1309 5630 ingreditur
1322 5555 1434 5625 Zelimi,
1446 5555 1620 5629 Selemcque
1635 5559 1750 5613 veretur
