3900 6090
142 343 181 404 st
670 336 877 401 Habpualct
898 334 1076 399 uoascffl
1096 336 1128 401 S.
1152 339 1279 402 GALLI.
1805 344 1844 405 36

141 481 202 534 tam
219 475 413 548 resplendere.
426 473 507 531 Unde
520 489 672 546 nunquam
688 473 783 528 lucere
799 473 894 545 potest
908 470 965 528 nisi
980 466 1009 538 Α
1023 474 1066 527 θεῖ
1076 471 1118 527 sol
1129 472 1213 545 signo
1225 478 1354 529 moratus
1371 475 1417 543 sit,
1428 475 1620 547 expartedicte
1629 478 1757 548 partium
1767 494 1845 536 eum·

142 566 233 624 radiis
252 569 403 639 penetratu
422 563 578 622 solaribus.
595 562 642 619 Sol
663 567 771 630 autem,
788 562 859 634 quia
878 561 967 618 octies
1022 577 1080 628 ma,
1093 562 1122 617 in
1136 561 1244 633 quibus
1259 563 1392 635 partibus
1407 562 1605 621 lunamasole
1616 569 1758 624 remotum
1769 568 1846 625 inve

142 673 197 714 sua
211 655 536 730 magnitudine'terram
551 653 650 720 vincit,
665 655 698 707 ut
712 650 812 708 subtili
829 651 967 723 indagine
1021 666 1117 718 neres,
1134 650 1232 723 ipsum
1247 667 1403 708 numerum
1419 669 1538 709 sumens
1553 655 1637 710 dahis
1649 657 1745 712 eidem
1761 656 1844 732 signo

142 750 289 818 repertum
305 748 357 811 θεῖ,
371 760 523 815 nunqnam
542 743 577 798 ub
591 758 625 797 oa
640 744 719 797 totus
734 742 791 814 tegi
809 744 859 797 eut
874 739 967 798 occul·
1020 740 1057 795 ad
1073 740 1249 812 explendum
1266 740 1321 796 iter
1340 740 1425 807 solis,
1447 740 1569 814 reliqoos
1588 761 1655 800 vero
1670 747 1721 816 qui
1743 764 1844 819 soper-

140 835 195 889 tari
212 836 316 905 potest,
333 832 404 904 quin
421 832 518 888 radios
534 849 603 888 suos
626 835 655 887 et
674 847 741 887 cum
762 832 816 887 sub
831 832 896 904 ipsa
909 833 963 897 θεῖ,
1020 829 1640 904 luerintdesummapartium,sequentibus
1651 836 1845 906 perordinem

141 922 271 993 undique
287 923 322 978 ad
340 923 492 993 superiora
506 923 645 989 remittat,
656 921 761 977 umbra
771 925 854 975 terrm
865 921 966 974 contra
1019 918 1113 991 signis
1128 936 1180 992 per
1194 919 1319 976 tricenos
1334 921 1500 992 disperties.
1517 923 1551 976 llt
1566 924 1611 977 cui
1628 922 1712 995 signo
1726 943 1782 979 xxx
1798 927 1845 981 de-

140 1011 269 1066 mediam
285 1011 416 1082 signiferi
432 1010 604 1080 lineam,cui
621 1010 901 1082 potiussubjacet,et
914 1005 966 1080 pe'r
1020 1007 1137 1076 suerint,
1155 1008 1183 1062 in
1208 1008 1356 1064 colunum
1383 1026 1447 1064 esso
1471 1011 1585 1066 noveris
1611 1012 1640 1066 in
1664 1016 1725 1069 tota
1751 1014 1844 1086 ipsius

139 1115 228 1173 quam
245 1099 317 1157 solis
339 1103 383 1155 est
409 1101 472 1168 iter,
489 1098 578 1155 altius
602 1102 781 1173 penetrante.
798 1098 870 1154 Cum
896 1115 964 1171 ergo
1018 1100 1110 1169 parte,
1127 1101 1198 1169 quot
1214 1097 1255 1152 illi
1271 1098 1354 1170 signe
1370 1116 1404 1154 ex
1419 1100 1539 1171 praelata
1562 1117 1681 1157 summa
1705 1120 1842 1176 provene-

139 1190 227 1263 plena
241 1189 312 1246 luna
326 1189 560 1261 hemispherion
575 1188 636 1245 sole
646 1188 760 1244 distans
769 1204 821 1260 per
829 1187 964 1243 eamdem
1019 1184 1169 1252 rint.Quod
1186 1187 1208 1241 si
1227 1187 1255 1242 in
1272 1204 1389 1241 summa
1404 1187 1531 1259 partium
1547 1191 1590 1243 tot
1604 1190 1789 1248 solummodo
1804 1195 1844 1250 in·

139 1279 267 1336 mediam
278 1278 577 1351 ferturlineamquia,
588 1277 648 1334 sole
658 1277 796 1333 interiora
810 1280 963 1350 penetran-
1017 1275 1130 1331 veneris
1144 1281 1216 1347 quot
1230 1277 1326 1332 adhuc
1341 1277 1403 1332 dies
1418 1276 1447 1332 in
1463 1293 1496 1333 eo
1507 1295 1564 1349 quo
1580 1281 1625 1334 θεῖ
1638 1280 1722 1352 signo
1739 1283 1842 1355 degere

138 1374 177 1439 te,
194 1368 290 1442 ipsam
305 1368 407 1424 lunam
422 1384 539 1425 neccsse
554 1370 599 1423 θεῖ
611 1367 751 1423 scandere
763 1365 925 1439 superiora,
936 1369 965 1420 et
1018 1362 1116 1429 habet,
1133 1370 1183 1421 aut
1197 1365 1308 1438 aliquid
1330 1365 1440 1432 minus,
1457 1366 1487 1422 in
1503 1367 1605 1423 codem
1630 1370 1714 1442 signo
1739 1370 1840 1426 lunam

138 1462 257 1515 econtra
271 1457 342 1527 sole,
358 1458 386 1514 id
407 1461 554 1529 estsuper
577 1461 685 1513 terram
709 1455 883 1529 hyperygeo,
900 1456 964 1528 ipss
1019 1469 1086 1509 oum
1103 1453 1164 1508 sole
1179 1470 1242 1510 esse
1258 1453 1344 1522 scito;
1360 1456 1437 1525 quod
1454 1454 1528 1511 solet
1541 1457 1672 1513 accidere
1689 1458 1784 1527 primu
1798 1460 1841 1517 vel

138 1545 209 1604 lune
224 1547 351 1603 efficitur
370 1546 424 1601 sub
450 1548 527 1602 terre
552 1545 693 1620 hypogea,
710 1560 829 1601 neccsse
842 1547 888 1601 θεῖ
898 1560 963 1601 eam
1018 1542 1240 1611 secundulum,
1256 1543 1351 1615 posito
1367 1542 1426 1603 sole
1441 1543 1471 1598 in
1487 1542 1635 1616 prioribus
1648 1548 1792 1619 cujusque
1802 1551 1841 1605 si-

138 1637 199 1692 sive
213 1636 358 1693 internam
378 1635 499 1692 deficere
522 1634 582 1691 sive
607 1650 775 1707 supernam,
790 1636 890 1706 utpote
913 1649 965 1705 per
1018 1631 1068 1704 gni
1094 1630 1236 1704 partibus.
1261 1631 1312 1688 Sin
1336 1635 1433 1688 sutem
1456 1632 1605 1689 intantum
1629 1650 1770 1692 numerus
1795 1636 1843 1693 ille

137 1725 274 1782 umbram
291 1728 373 1780 terro
385 1724 578 1791 incedentem,
590 1725 815 1793 etncqusquam
826 1720 887 1777 sole
897 1737 962 1778 eam
1018 1720 1146 1792 partium
1162 1722 1329 1790 excreverit,
1345 1725 1379 1776 ut
1401 1719 1444 1776 illi
1460 1721 1544 1796 signo
1558 1721 1589 1778 in
1604 1739 1662 1796 quo
1678 1728 1722 1781 cst
1737 1724 1780 1781 sol
1795 1743 1843 1783 ex·

138 1828 218 1870 more
233 1812 318 1870 solito
339 1813 520 1885 respiciente.
534 1811 571 1867 At
591 1811 616 1867 si
632 1827 684 1882 per
698 1809 785 1867 aliam
801 1808 1002 1910 quamlibetB
1017 1807 1104 1882 picto,
1121 1809 1242 1881 reliquis
1257 1810 1396 1866 omnibus
1420 1810 1513 1883 signis
1537 1828 1603 1880 xxx,
1620 1817 1718 1884 potres
1742 1831 1843 1887 prove-

136 1906 330 1975 utrarumquo
353 1901 516 1980 positarum
538 1900 682 1955 linearum
706 1899 826 1967 teratur,
852 1899 961 1970 quibus
983 1975 984 1978 Ἴ
1015 1898 1099 1955 nient
1113 1916 1164 1972 per
1179 1898 1297 1972 singula
1312 1899 1500 1972 signansque
1512 1899 1582 1957 item
1597 1902 1633 1958 ad
1644 1900 1716 1958 illud
1731 1901 1761 1959 in
1784 1921 1842 1976 quo

136 1995 214 2048 terra
236 1992 274 2048 ob
297 1991 344 2047 sui
359 1991 547 2064 exiguitatem
571 1988 665 2046 solaro
689 2005 841 2061 nunquam
866 1991 961 2063 potest
1015 1987 1107 2045 solem
1124 2004 1188 2045 esse
1203 1992 1314 2045 certum
1329 1992 1383 2060 est,
1399 1992 1429 2045 et
1443 1988 1555 2062 aliquot
1572 1994 1670 2063 partes
1690 1993 1840 2065 superius

135 2081 266 2136 adimere
282 2080 394 2149 lumen,
404 2079 469 2153 ipsa
483 2079 554 2135 luna
568 2077 776 2135 adumbraticae
785 2077 868 2134 lineae
878 2094 959 2134 exor-
1015 2080 1084 2150 rint,
1098 2079 1200 2134 itidem
1216 2079 1245 2134 in
1261 2095 1294 2134 eo
1310 2079 1393 2152 signo
1407 2078 1515 2151 pariter
1527 2094 1577 2136 eos
1590 2095 1654 2137 esse
1668 2085 1792 2138 constat.
1804 2082 1839 2138 ct

136 2168 276 2227 bitatione
286 2170 361 2227 lucis
372 2185 431 2226 suae
442 2170 584 2226 damnum
594 2166 671 2224 valet
680 2168 816 2241 elingere,
829 2167 857 2222 id
868 2171 922 2235 θεῖ,
934 2169 959 2224 εἰ
1014 2167 1070 2224 hoc
1080 2167 1211 2223 accidere
1222 2166 1295 2224 solet
1304 2183 1391 2222 xxvur
1401 2165 1446 2223 vel
1457 2184 1524 2224 xxrx
1533 2167 1677 2237 luna,sole
1688 2170 1717 2225 in
1728 2175 1838 2243 postre

134 2258 179 2319 vel
194 2259 349 2317 sublimior
365 2259 400 2315 ad
425 2259 554 2325 boream,
570 2256 613 2313 vel
630 2257 758 2312 divexior
772 2254 832 2312 sole
851 2256 961 2314 teratur
1015 2250 1071 2304 mis
1086 2248 1162 2321 signi
1178 2246 1312 2319 patlibus
1324 2247 1516 2320 degente-Sed
1528 2246 1600 2305 illud
1611 2251 1746 2322 superius
1756 2251 1785 2305 in
1797 2266 1838 2306 rs·

135 2350 172 2406 ad
188 2354 333 2406 austrum,
351 2349 386 2404 ps
401 2347 462 2404 hmo
477 2351 522 2404 est
535 2347 606 2403 item
630 2346 703 2403 ratio
718 2363 771 2402 cur
795 2362 852 2403 non
880 2347 959 2402 omni
1014 2338 1145 2394 sessione
1156 2353 1173 2392 a
1183 2335 1392 2405 sole,hocvero
1402 2336 1546 2410 contingit
1556 2337 1838 2412 inreproximatione

136 2438 296 2513 plenilunio
311 2437 383 2495 luna
397 2437 513 2493 deficiat
531 2453 701 2508 quanquam
725 2435 859 2492 nonnulli
884 2452 960 2492 asse⁴
1014 2426 1090 2483 11¹ssae
1105 2427 1141 2483 ad
1157 2424 1259 2492 ⁸01ss111·
1277 2428 1425 2493 Quantum
1439 2426 1517 2482 essim
1542 2444 1593 2499 Ρθΐ
1618 2427 1750 2502 Singulos
1774 2429 1836 2485 dios

135 2530 203 2584 rant
217 2530 385 2601 utrumque,
397 2530 425 2583 et
440 2525 531 2582 solem
547 2525 658 2582 scilicet
672 2529 701 2582 ct
712 2525 824 2594 lunam,
837 2542 902 2581 raro
913 2542 960 2581 su·
1013 2514 1168 2588 elongatur
1189 2514 1225 2569 ab
1248 2531 1292 2582 0⁰»
1310 2515 1447 2570 Γθῦθᾶθῦθ
1471 2531 1504 2570 ⁰¹
1531 2531 1589 2569 ¹¹¹1&
1614 2521 1712 2587 partes
1736 2516 1837 2572 circuli

135 2632 234 2690 perne,
251 2617 417 2689 frequenter
439 2619 536 2671 autem
561 2615 683 2671 interius
699 2614 830 2670 deficere,
847 2614 889 2670 Ob
903 2614 958 2669 hu.
1013 2620 1107 2675 nsque
1117 2603 1153 2657 ed
1166 2601 1415 2672 hemispherium,
1425 2602 1501 2672 quod
1513 2606 1618 2669 estxv;
1631 2607 1745 2658 tantum
1758 2610 1837 2660 tenet

131 2706 263 2777 jusmodi
279 2722 398 2762 oensem
409 2703 528 2778 prelata
538 2705 635 2761 media
645 2703 722 2761 linea
732 2703 866 2776 ecliptica
875 2719 958 2759 voca·
1013 2693 1151 2763 (ἰθίῐὶθθβθ
1161 2690 1255 2746 eidem
1267 2687 1639 2760 ⁸⁰¹illl⁰1111¹t¹¹¹⁵titillet*i
1650 2693 1837 2762 parlbdffltec

135 2797 193 2861 tur,
206 2795 285 2867 quod
299 2796 454 2866 utriusque
469 2794 610 2863 delectus,
622 2791 727 2849 solaris
741 2811 775 2849 ac
788 2793 909 2860 lunaris,
922 2792 961 2847 sit
1013 2781 1050 2838 ud
1061 2782 1189 2854 Signum,
1202 2778 1260 2833 iffl⁰
1271 2777 1308 2832 ld
1318 2777 1450 2833 eamdem
1461 2777 1555 2850 ipsius
1570 2778 1646 2852 signi
1657 2783 1781 2853 Palm,
1794 2797 1838 2836 V&

135 2901 235 2940 causa.
247 2883 420 2956 Claretergo
436 2884 528 2939 selem
544 2883 574 2937 in
590 2900 644 2938 sua
658 2881 757 2955 eclipsi
769 2881 842 2937 nihil
854 2879 958 2946 minui,
1014 2870 1087 2936 niti»
1103 2868 1153 2923 Ubi
1173 2883 1240 2923 eum
1265 2865 1423 2939 Pilliqlfflfflt
1447 2870 1508 2922 ῑθῑθ
1532 2872 1685 2941 pelagiam
1707 2868 1835 2936 2⁰di³002

134 2992 166 3031 se
181 2992 238 3031 non
254 2974 319 3044 ejus
341 2975 460 3046 aspectu
481 2972 621 3028 fraudari.
639 2972 751 3026 Lunam
769 2985 836 3024 vero
851 2967 961 3039 eclipti·
1014 2956 1102 3030 quod,
1119 2960 1152 3011 ul
1170 2955 1282 3010 dicium
1306 2958 1352 3011 θθῑ
1375 2956 1521 3027 superius,
1538 2974 1613 3013 1XV1¹
1636 2957 1739 3014 diebus
1753 2962 1783 3013 ei
1797 2974 1837 3015 Vl!

136 3080 200 3119 nam
216 3062 334 3136 penitus
352 3062 463 3117 lumine
481 3059 598 3134 privari,
615 3060 692 3131 quod
713 3063 831 3131 tangere
846 3057 961 3112 videtur
1013 3045 1094 3102 horis
1109 3042 1232 3116 perficit.
1245 3044 1302 3099 Sed
1316 3043 1386 3115 qula
1401 3044 1464 3115 jam
1480 3045 1520 3100 ibi
1536 3045 1626 3101 solem
1644 3063 1700 3101 non
1717 3047 1836 3114 invenit,

133 3152 285 3225 virgilius,
302 3168 369 3207 oum
385 3150 448 3206 aim
1014 3138 1116 3207 utpote
1138 3150 1215 3189 xxvu
1240 3133 1384 3206 partibus,
1409 3133 1439 3189 in
1464 3133 1571 3206 quibus
1596 3136 1661 3207 ipsa
1683 3136 1836 3191 zodiacum

228 3251 352 3301 Defectus
366 3249 430 3298 ,0155
443 3249 539 3309 mim,
555 3247 679 3308 luneque
694 3246 809 3295 lagon„
972 3207 994 3276 C
1011 3224 1195 3292 lustraverat,
1203 3223 1307 3278 exinde
1318 3222 1497 3296 elongatum,
1506 3227 1572 3296 post
1583 3224 1739 3279 circuitum
1750 3225 1838 3298 signi-

136 3342 262 3398 Labores
277 3341 356 3396 enim
372 3339 447 3396 qum„
469 3339 533 3410 ips,
549 3354 612 3409 qum
627 3335 737 3407 patim,
759 3334 880 3391 luminis
895 3334 957 3391 dig.
1011 3314 1106 3371 lorum
1117 3313 1232 3368 duobus
1243 3312 1346 3367 diebus
1357 3316 1385 3368 et
1395 3328 1424 3368 rr
1439 3310 1518 3367 horis
1530 3313 1694 3386 perficiens,
1704 3315 1782 3386 quod
1794 3314 1836 3369 sol

135 3431 241 3503 pendia
253 3434 346 3486 vocat·
1012 3401 1243 3477 predictisxxvn
1251 3400 1354 3457 diebus
1365 3405 1448 3458 etvru
1459 3400 1539 3457 horis
1551 3408 1710 3475 peregerat,
1718 3419 1835 3459 rursum

628 3540 637 3597 Ι
1013 3509 1081 3549 eum
1096 3491 1169 3548 luna
1182 3490 1381 3563 consequitur,
1395 3495 1423 3546 θῖ
1433 3491 1527 3546 eidem
1544 3492 1704 3548 succedens
1720 3493 1836 3564 penitus

389 3635 396 3649 ,
443 3542 559 3689 ΟΑὟΤ
577 3541 647 3645 XXX
686 3632 708 3685 ι.
735 3631 799 3687 Μ
1013 3582 1199 3646 obscuratur,
1215 3585 1243 3636 et
1258 3597 1330 3637 xxva
1343 3581 1484 3650 allicitur;
1501 3581 1551 3654 qui
1566 3580 1654 3637 etiarn
1670 3581 1732 3637 dies
1747 3581 1837 3636 inter·

252 3636 286 3690 ¹²¹
300 3650 356 3707 ‘5¹⁴⁰
369 3649 453 3706 ”W
467 3642 504 3689 ⁸¹²
530 3648 588 3688 ’Μ
601 3646 685 3702 ”²¹⁹⁸
698 3647 722 3688 ⁸⁸
756 3648 782 3687 ω
801 3648 842 3688 '⁴⁵'
1014 3671 1128 3728 lunium
1144 3670 1219 3727 solet
1233 3670 1382 3742 appellari,
1401 3670 1477 3742 quod
1498 3671 1574 3726 inter
1592 3670 1733 3727 delectam
1749 3675 1777 3726 et
1793 3687 1836 3725 rc·

172 3760 203 3816 ln
216 3775 274 3831 quo
290 3758 374 3832 signo
385 3758 456 3814 luna
465 3761 596 3814 moretur
610 3757 748 3829 qnotidie,
759 3758 804 3813 vel
815 3760 887 3829 quot
897 3773 959 3830 par-
1015 3767 1183 3819 nascentcm
1196 3760 1235 3816 sit
1249 3758 1360 3816 lunam.

135 3852 215 3909 tibus
230 3847 320 3906 asole
336 3865 387 3921 per
397 3847 530 3921 singulos
540 3847 603 3904 dies
618 3845 780 3922 elongetur,
793 3847 847 3904 hoc
858 3847 960 3904 ordine
1320 3865 1436 3922 CAPUT
1458 3865 1532 3922 xxp

136 3939 432 4013 investigabis.Sumc
447 3953 562 4008 semper
572 3941 686 3993 aetutem
701 3935 788 4003 lune,
800 3939 958 4008 quotacun·
1014 3965 1077 4031 Qua
1088 3963 1161 4015 Mra
1173 3959 1241 4012 pm„
1251 3954 1489 4023 accendam,3„cq
1498 3971 1555 4026 qua
1567 3955 1595 4010 p,
1606 3970 1659 4011 ,pa
1670 3955 1838 4012 menn-om

135 4045 192 4101 que
208 4028 305 4095 luerit,
322 4032 352 4083 θῖ
367 4025 529 4098 multiplica
550 4029 662 4098 quater,
679 4026 836 4098 ipsumque
856 4040 959 4080 rursus
1309 4034 1401 4082 mutet
1415 4033 1539 4083 etatem.

135 4131 292 4175 numerum
317 4120 361 4173 ier
383 4115 496 4183 ductim
512 4118 541 4171 el
556 4119 626 4186 qu⁰l
641 4114 671 4171 in
697 4129 814 4170 summa
838 4112 957 4186 reperis,
1049 4119 1079 4177 Si
1095 4135 1181 4175 nosse
1195 4118 1278 4189 cupis
1294 4131 1353 4188 quo
1366 4115 1439 4172 hors
1459 4115 1517 4172 diei
1537 4114 1607 4172 luno
1627 4117 1805 4173 accendatur
1820 4132 1837 4171 a

136 4210 179 4264 tot
192 4206 400 4279 partituseam
417 4222 433 4261 a
448 4204 509 4261 sote
524 4203 638 4262 noveris
653 4202 806 4276 disparari,
819 4202 846 4259 id
862 4206 916 4269 est,
927 4201 957 4258 in
1014 4209 1084 4276 sole,
1100 4208 1129 4264 id
1147 4211 1191 4264 est
1210 4209 1305 4262 muer
1328 4208 1452 4274 suem,
1469 4205 1534 4262 vide
1547 4209 1655 4278 quotus
1679 4205 1717 4261 sit
1741 4220 1837 4261 annus

135 4312 169 4353 co
183 4295 246 4353 loco
267 4296 371 4370 degere
386 4296 423 4353 ad
438 4310 526 4368 quem
542 4296 682 4350 venturus
697 4292 735 4349 sit
750 4290 793 4349 sol
809 4296 875 4365 post
889 4291 958 4348 toti-
1013 4300 1094 4357 illius
1109 4297 1181 4371 cycli
1196 4297 1246 4370 qui
1259 4294 1373 4368 proprie
1384 4293 1496 4351 lunaris
1510 4294 1628 4364 dicitur,
1641 4295 1725 4367 cujus
1742 4294 1839 4352 invon-

135 4385 203 4442 dem
219 4384 291 4443 dies.
309 4385 408 4443 Partes
431 4385 510 4441 enim
531 4383 604 4440 istas
625 4382 699 4439 nihil
713 4382 792 4439 aliud
808 4398 871 4439 esse
887 4381 958 4437 dici·
1014 4389 1123 4447 tionem
1148 4390 1215 4460 post
1236 4385 1417 4453 docebimus,
1442 4387 1472 4439 et
1494 4400 1651 4440 numerum
1675 4382 1838 4456 multiplica

136 4491 204 4531 mus
217 4491 307 4548 quam
323 4472 509 4548 quotidianos
520 4490 572 4548 per
586 4473 737 4529 zodiacum
749 4471 820 4529 solis
829 4487 960 4544 progres·
1015 4477 1180 4553 quinquies,
1189 4477 1293 4547 hisque
1304 4474 1378 4530 eddo
1388 4474 1549 4546 preteriens
1559 4472 1627 4530 anni
1639 4473 1701 4529 dies
1714 4488 1732 4527 a
1749 4473 1836 4530 Kalen

136 4579 199 4621 sus.
216 4564 287 4622 item
304 4564 333 4620 in
352 4564 454 4621 codem
470 4567 642 4635 argumento
657 4562 780 4636 probare
795 4560 957 4634 contendis,
972 4581 997 4649 Ι)
1014 4571 1060 4629 dis
1072 4565 1203 4625 Janrrarii
1214 4580 1307 4636 usque
1319 4564 1355 4619 ad
1366 4579 1432 4618 eum
1446 4563 1523 4618 diem
1534 4563 1570 4618 dc
1581 4580 1638 4635 quo
1650 4562 1842 4636 quaerisoui·

136 4655 166 4710 in
183 4671 241 4727 (111⁰
255 4656 340 4728 fligno
355 4654 425 4710 lunt
437 4653 538 4709 0⁰d⁰m
548 4652 596 4709 die
606 4651 765 4709 θῡῡθὶθῑᾶῖῗ
780 4652 910 4708 Primum
920 4653 960 4709 vi·
1013 4663 1069 4718 bus
1080 4660 1109 4714 in
1122 4671 1214 4713 unum
1225 4653 1350 4710 redactis
1360 4652 1390 4706 in
1403 4653 1478 4708 inl'rc
1489 4669 1523 4707 tx
1533 4655 1706 4721 manserint,
1714 4658 1757 4709 tot
1768 4667 1841 4723 puor

137 4746 204 4802 doto
217 4745 247 4800 in
263 4761 321 4816 quo
337 4743 381 4801 sol
396 4744 460 4816 ipso
470 4747 601 4799 moretur
611 4743 667 4812 die,
680 4747 709 4799 ct
722 4744 752 4799 in
763 4747 852 4815 quotu
866 4742 959 4815 ipsius
1015 4756 1077 4809 oses
1093 4763 1158 4806 esse
1183 4745 1260 4800 scios
1283 4741 1423 4798 horamm
1447 4741 1542 4813 ipsius
1566 4742 1641 4812 diei;
1657 4746 1686 4799 et
1708 4740 1840 4811 singulas

137 4834 211 4908 signi
228 4837 319 4907 parte,
330 4834 359 4891 id
371 4838 425 4901 est,
433 4837 504 4905 quot
518 4833 627 4890 ibidem
637 4832 700 4890 dies
709 4837 825 4891 exactos
837 4834 961 4892 habeat?
1014 4842 1102 4898 hores
1112 4854 1164 4911 per
1174 4834 1279 4908 quinos
1290 4834 1415 4904 punctos
1425 4831 1727 4904 computans,eobora
1736 4829 1839 4886 lunam

137 4925 172 4981 at
186 4922 256 4994 quie
276 4923 509 4996 unumquodque
523 4925 641 4997 signum
657 4923 817 4996 perlabitur
839 4924 883 4982 sol
905 4943 961 4981 xxx
1015 4927 1125 4987 attendi
1137 4921 1316 4992 noveris,cui
1327 4919 1457 4993 quinque
1467 4921 1613 4979 doluerint
1624 4919 1726 4991 puncti
1736 4917 1766 4973 in
1778 4923 1839 4974 toto

138 5013 252 5081 dicbus,
265 5030 368 5070 rursus
377 5013 555 5085 videtoquot
563 5012 599 5068 ab
611 5029 644 5069 co
655 5012 718 5069 dies
728 5016 898 5070 remaneant
907 5031 960 5070 us-
1013 5017 1107 5092 ipsius
1122 5015 1200 5070 horae
1215 5016 1334 5085 puncto,
1351 5015 1423 5082 quot
1437 5011 1536 5083 quinis
1550 5011 1719 5065 ceterorum
1736 5024 1838 5080 super

139 5119 196 5176 que
210 5102 245 5157 ad
262 5119 327 5172 xxx,
339 5103 369 5158 id
384 5106 428 5158 est
452 5103 488 5158 ad
513 5101 736 5176 completionem
761 5101 857 5176 signi‘l
878 5102 959 5169 Quod
1014 5107 1123 5164 tuerint
1136 5103 1286 5160 horarum.
1298 5099 1328 5157 Si
1338 5117 1406 5158 vero
1419 5101 1557 5173 prelatus
1571 5112 1712 5153 numerus
1723 5113 1839 5171 sexages

139 5193 258 5249 inventu
274 5190 447 5248 facillimum
466 5195 520 5260 est,
536 5208 603 5248 cum
620 5191 663 5248 sol
685 5190 802 5265 singula
812 5193 896 5266 signe
906 5209 964 5248 non
1019 5196 1135 5253 narium
1149 5190 1315 5260 excesserit,
1326 5189 1436 5264 partire
1449 5204 1528 5254 eum,
1539 5185 1588 5258 qui
1604 5189 1674 5242 sunt
1689 5184 1777 5242 unius
1788 5203 1838 5243 cu

139 5280 324 5340 solummedo
340 5280 428 5337 cortis
441 5280 604 5350 mensibus,
621 5282 671 5338 scd
687 5286 716 5339 et
731 5282 816 5338 certis
833 5281 963 5354 ipsorum
1015 5287 1124 5360 J'usque
1134 5280 1238 5352 diei,id
1250 5279 1499 5350 oetxrr,horarum
1509 5274 1652 5348 puncti,et
1662 5275 1711 5349 qui
1723 5292 1836 5332 remon·

141 5371 288 5428 mensium
308 5372 393 5428 adeat
408 5368 522 5439 diebus,
534 5373 678 5445 praecipue
692 5390 728 5429 xv
743 5369 805 5429 Kal.
821 5373 964 5446 cujusque
1019 5373 1121 5442 serint,
1132 5372 1212 5429 illius
1227 5370 1283 5429 diel
1298 5370 1496 5443 punctesesse
1505 5364 1708 5423 mementollt
1719 5365 1835 5438 quibus,

140 5460 262 5530 mensis,
279 5459 511 5533 quintadecima
525 5460 572 5516 dio
588 5459 649 5516 Kal.
665 5461 756 5534 April.
771 5461 901 5534 primum
917 5479 964 5518 xo·
1018 5467 1096 5524 sicat
1110 5465 1305 5520 monstratum
1321 5460 1375 5525 est,
1387 5456 1474 5513 horas
1489 5455 1609 5523 taciens,
1621 5459 1709 5528 quotu
1723 5452 1794 5509 bora
1808 5456 1837 5508 et

141 5550 217 5609 disci
232 5552 352 5624 signum
375 5550 553 5625 ingrediens,
571 5550 599 5604 id
623 5552 668 5605 est
681 5549 817 5607 Arietem.
834 5551 965 5625 Cumque
1018 5561 1107 5632 quoto
1122 5554 1215 5629 ipsius
1227 5551 1303 5608 hore
1318 5551 1426 5622 puncto
1441 5546 1512 5604 luna
1522 5543 1683 5621 ipsiusdiot
1696 5543 1836 5601 accenda-

141 5641 293 5708 inventum
309 5639 396 5705 tuerit
409 5643 481 5718 quot
495 5639 591 5700 adbuc
606 5639 671 5702 dies
684 5637 715 5701 tn
730 5656 764 5701 eo
779 5656 836 5720 quo
852 5644 964 5720 positus
1017 5651 1077 5733 tar,
1090 5643 1229 5706 invenies.
1244 5638 1328 5724 Quod
1342 5637 1497 5722 sitantum
1512 5653 1547 5699 tx
1560 5635 1677 5712 luertnt,
1694 5638 1745 5695 aut
1760 5630 1837 5695 ultra
