3900 6090
118 311 177 372 397

534 311 649 372 aranu
672 312 723 372 DE
745 310 928 374 CORPORE
949 309 1000 371 ΕΤ
1023 310 1220 375 sanamus
1242 311 1407 374 CHRISTI.

1762 311 1822 374 398

117 444 341 501 dehonorationi
360 450 387 498 et
402 443 553 499 offensioni
566 462 624 500 sua
641 444 774 500 :utilio-ere
785 445 798 499 ἱ)
814 445 947 499 distinra·
959 445 986 514 Α
1003 443 1079 498 niam
1090 446 1209 517 quidam
1219 446 1262 501 ret
1275 444 1497 518 ignoranter,vrt
1510 443 1721 517 simpliciterin
1732 443 1822 500 calice

118 533 217 589 vimus
233 532 377 606 siquidem
394 550 446 588 nos
470 550 536 588 ossa
558 534 767 605 apostolarum,
778 533 821 589 rel
838 536 945 604 marty·

119 640 199 693 runi,
226 622 353 695 pretiosa
382 621 451 677 hinc
480 622 596 689 reterre,
623 623 699 678 sicut
722 623 858 677 decuerat
884 624 946 675 tan·

119 716 184 767 tum
215 712 311 766 virum
348 712 389 766 uti
425 711 563 766 domitura
599 717 698 766 noster
729 717 782 765 est.
813 713 836 765 Α
865 715 947 766 tauta

119 799 314 856 nihilominus
334 801 412 869 sede,
429 817 493 872 qum
519 801 576 855 sita
600 817 616 854 a
639 805 698 855 tam
725 799 810 871 longo
826 806 854 855 et
870 799 945 853 ‹uro-

119 889 231 945 cillimo
258 890 329 945 satis
358 889 472 957 itinere,
498 893 526 944 et
550 890 623 943 date
655 892 724 944 sunt
748 890 831 944 nohis
858 888 945 961 panni

117 979 241 1035 mamea
267 978 469 1050 portiunculae,
495 996 526 1032 ac
551 978 573 1031 si
601 977 771 1050 hujusmodi
796 977 946 1050 panniculi

118 1085 213 1143 genias
243 1069 319 1140 apud
351 1085 404 1122 nos
440 1068 590 1139 nequisset
619 1065 749 1122 inveniri.
776 1066 838 1121 Nisi
866 1066 944 1120 enim

118 1174 216 1215 carisa
245 1156 413 1213 sollicitudo
441 1157 635 1221 soloecisset,
662 1161 694 1210 nt
722 1157 799 1227 qnod
827 1155 945 1228 gereba-

119 1264 189 1304 rnus
217 1262 471 1319 cognosceremus,
496 1250 524 1299 et.
554 1246 594 1300 sic
620 1245 725 1300 stolide
750 1245 784 1298 ad
813 1251 946 1300 nostrum

118 1336 275 1392 dominum
306 1335 390 1390 nohis
418 1334 589 1407 contigisset
615 1333 722 1404 venire,
747 1334 871 1387 dutrium
888 1350 945 1388 non

61 1412 64 1417 ’
118 1430 166 1482 est
194 1423 359 1496 periculum
389 1422 508 1479 honoris
536 1430 564 1477 et
592 1424 692 1496 gratia
725 1441 783 1478 suaa
814 1439 867 1478 nos
896 1422 944 1477 de-

118 1516 221 1572 buisse
259 1514 416 1570 incurrere.
447 1513 527 1579 Quod
560 1512 784 1568 archidiaconns
815 1512 947 1567 modesta

117 1603 319 1675 increpatione
350 1601 507 1673 redarguit,
529 1618 581 1656 cnr
605 1601 634 1656 in
661 1605 772 1656 tantam
805 1617 944 1673 prraesum-

118 1692 250 1767 ptianem
275 1689 424 1763 eruperint
443 1695 475 1745 ut
497 1689 656 1762 apostoliea
681 1688 777 1762 sigilla
802 1689 944 1761 ruperint,

117 1782 241 1842 hortans
266 1797 315 1837 eos
339 1786 372 1835 ut
401 1778 539 1847 redirent,
560 1784 589 1835 et
610 1795 674 1851 qua
698 1782 868 1850 acceperant
891 1777 944 1831 do-

118 1871 201 1926 miuo
216 1888 269 1927 suo
286 1886 351 1925 eum
369 1868 477 1925 honere
493 1869 648 1923 deterrent.
661 1868 716 1923 Sed
730 1866 760 1922 hi
777 1865 946 1921 nullatenus

117 1959 242 2016 monitis
251 1960 315 2031 ejus
326 1957 545 2030 acquiescentes
554 1973 647 2029 nsque
658 1957 694 2012 ad
705 1954 805 2012 domni
814 1953 945 2028 Gregorii

117 2052 262 2106 venerunt
282 2047 479 2121 presentiam,
497 2047 631 2119 tactoque
655 2049 812 2117 comperto,
830 2043 944 2117 patien-

119 2139 235 2194 tissime
250 2119 351 2193 eorn'm
369 2135 436 2192 tulit
449 2134 615 2204 stultitiam,
627 2151 736 2206 cosque
751 2130 945 2190 sacrosanctis

120 2228 280 2284 missarum
296 2224 448 2281 solemniis
463 2224 599 2297 praecepit
615 2222 859 2289 interesse.Unde,
877 2237 944 2276 cum

120 2317 157 2374 ad
171 2316 269 2373 lacum
285 2315 329 2371 sui
346 2314 490 2370 sermonis
513 2318 557 2369 est
572 2317 701 2380 ventum,
718 2311 822 2367 suadet
837 2309 944 2383 populo

120 2405 171 2461 Dei
179 2408 385 2461 etsanctornm
394 2403 518 2476 gratiam
529 2403 803 2474 exorare,qnatenus
811 2401 840 2453 in
850 2400 904 2454 hac
913 2416 944 2454 re

119 2495 314 2569 dignarentur
323 2491 505 2564 apertissime
516 2490 556 2545 sic
567 2507 652 2546 suam
668 2489 827 2561 potentiam
839 2489 944 2560 patela-

119 2600 201 2653 cere,
212 2588 246 2639 ut
257 2582 328 2655 quid
345 2584 491 2637 mereatur
507 2579 757 2647 tidesevidentius
772 2578 871 2633 minus
885 2594 944 2632 cre·

120 2673 181 2729 duli
193 2678 223 2728 et
235 2672 404 2744 ignorantes
420 2670 533 2742 possint
547 2685 730 2741 cognoscere.
743 2667 777 2722 Et
797 2667 864 2722 data
879 2683 942 2720 ora-

119 2763 198 2818 tione
209 2761 322 2833 accepit
332 2760 368 2815 ab
379 2775 412 2815 eo
422 2757 638 2830 cultellum,qui
648 2762 837 2813 temeraverat
848 2770 942 2828 signa,

120 2856 150 2907 et
159 2866 250 2924 super
259 2848 351 2906 altare
360 2847 490 2920 corporis
501 2847 594 2903 sancti
607 2847 682 2902 Petri
694 2849 842 2918 acceptam
854 2861 943 2900 unam

120 2938 210 3011 panni
226 2936 441 3011 portiunculam
463 2953 513 3007 per
533 2935 661 2991 medinm
678 2950 811 3007 pungens
826 2932 942 2989 secavit.

120 3029 161 3084 Es
175 3044 235 3100 qua
249 3025 348 3082 statim
364 3025 485 3096 sangnis
500 3025 676 3091 decucurrit,
692 3028 721 3079 et
735 3038 852 3078 omnem
867 3037 945 3077 eam·

122 3118 187 3173 dem
204 3115 379 3188 particulam
396 3113 567 3169 cruentavit.
579 3113 718 3168 t'identes
733 3117 830 3167 aratam
845 3127 945 3182 supra-

122 3205 222 3278 scripti
239 3204 336 3278 tcgati,
348 3208 377 3259 et
392 3202 488 3258 omnis
504 3201 628 3274 populus
639 3201 817 3272 stupendum
829 3204 944 3256 etnrca·
957 3181 980 3250 C

121 3312 191 3352 narn
209 3293 276 3349 fidei
292 3309 381 3349 sacrae
396 3291 582 3357 miraculum,
599 3290 728 3346 cecidere
744 3289 825 3361 proni
842 3289 870 3343 in
887 3293 944 3343 tar-

121 3400 195 3452 ram,
222 3383 377 3439 adorantes
401 3381 570 3447 Dominum,
590 3385 618 3435 et
641 3379 770 3457 dicentes
788 3396 793 3433 :
811 3377 945 3433 ltiralritis

124 3473 192 3529 aea
208 3475 239 3528 ia
253 3472 354 3527 coactis
376 3472 446 3536 sais,
461 3470 531 3526 Deru
553 3470 646 3539 lsrael,
661 3472 717 3540 ipse
730 3468 806 3523 etnim
821 3469 946 3523 virtatem

123 3569 149 3618 st
160 3559 351 3632 fatitudinem
369 3560 443 3631 ptati
465 3574 535 3622 aar,
553 3558 705 3614 licentietur
720 3559 799 3613 Dras.
816 3558 850 3612 ut
871 3558 946 3613 tacto

125 3648 241 3707 silentio
257 3650 334 3704 inter
342 3647 400 3704 alia
413 3647 478 3703 tidei
493 3649 668 3702 documenta
680 3646 752 3702 dixit
767 3647 803 3701 ad
818 3663 867 3702 eos
882 3645 947 3701 bea·

125 3744 171 3795 tus
191 3738 359 3811 Gregorius,
385 3737 435 3808 qui
460 3737 583 3792 antehac
607 3737 786 3791 venerandas
811 3733 947 3807 reliquias

124 3829 204 3901 parvi
219 3828 363 3883 duxerant
379 3844 385 3882 ε
403 3827 521 3894 Scitote,
540 3825 652 3894 tratres,
671 3826 740 3897 quia
756 3825 783 3879 in
800 3839 949 3880 conseera-

125 3918 202 3974 tione
213 3917 345 3989 corporis
354 3920 384 3971 et
397 3915 550 3989 sanguinis
565 3913 680 3971 Domini
691 3913 787 3970 Nostri
797 3917 824 3968 t.
836 3914 866 3969 C.
879 3929 947 3969 cum

125 4006 160 4063 ob
174 4004 437 4063 sanctificationem
459 4003 648 4076 reliquiarum
664 4003 692 4057 in
710 4003 817 4059 honore
831 4006 947 4076 aposto-

125 4093 286 4163 torum,ch
302 4097 464 4165 martyrum
480 4092 700 4166 ipsius,quihus
722 4091 887 4163 specialiter
902 4109 948 4147 as·

125 4183 318 4258 signabantur
339 4200 430 4255 snpra
445 4186 664 4237 sacrosanctum
690 4181 781 4237 attare
808 4179 949 4237 libamina

126 4272 460 4345 afferebantur,seruper
475 4271 592 4326 illorum
617 4271 738 4343 sanguis
759 4271 811 4326 hos
836 4286 949 4343 parmas

126 4359 256 4428 intravit,
268 4362 318 4432 qui
336 4361 447 4415 etlusus
458 4365 502 4417 est
518 4378 569 4432 pra
585 4361 702 4415 nomine
713 4359 818 4414 Cluisti
830 4360 863 4414 D.
875 4359 909 4414 N.
921 4359 948 4412 J.

127 4447 285 4505 AEdificatis
310 4450 339 4504 in
356 4450 412 4505 tide
429 4450 543 4504 cunctis
559 4448 608 4521 qni
625 4449 755 4513 adruunt,
770 4447 949 4518 munitisque

1002 532 1151 589 Dominico
1168 536 1379 591 sanctificando
1394 538 1422 590 et
1443 534 1519 606 plebi
1544 533 1739 589 ministranda
1763 548 1822 589 non

1001 621 1054 677 hoc
1070 622 1180 677 sarciunt
1194 624 1272 695 (quod
1287 624 1374 680 Jesus
1389 623 1522 679 Christus
1545 623 1688 679 Dominus
1702 625 1732 679 ct
1745 621 1823 678 Deus

1002 714 1108 778 noster,
1126 712 1259 767 sacrificii
1286 713 1374 785 hujus
1400 715 1502 768 auctor
1524 715 1553 767 ct
1575 712 1685 779 doctor,
1703 710 1772 767 tecit
1794 714 1824 768 et

1002 800 1110 867 docuit,
1123 799 1292 872 religiosum
1310 802 1465 873 pariturae
1488 800 1686 857 necessarium
1703 800 1770 855 duxi
1788 799 1823 856 dc

1000 887 1055 942 hoc
1071 890 1106 942 ad
1122 906 1172 944 ros
1189 889 1299 944 litteras
1316 890 1419 957 lacere,
1435 894 1489 945 etc.

1001 977 1068 1032 Cae.
1085 977 1192 1033 XLVII.
1205 1010 1238 1016 —
1250 980 1377 1048 (tarrliter
1388 981 1417 1032 in
1427 979 1537 1033 Deou'ai
1551 980 1639 1033 nostri
1648 979 1709 1034 trau
1721 977 1824 1032 Christi

1034 1052 1160 1120 primiore
1175 1051 1319 1120 repetimus
1338 1052 1374 1104 sit
1397 1049 1502 1104 Pascha
1525 1050 1666 1116 abolitam,
1683 1057 1709 1105 ct
1720 1051 1750 1103 iu
1764 1051 1823 1120 ejece

1037 1122 1221 1176 irurnolutione
1236 1122 1277 1176 rei
1292 1123 1392 1175 raritas
1402 1123 1440 1176 sit
1453 1129 1565 1176 naama.

1036 1210 1073 1277 (7)
1090 1209 1222 1263 Diximus
1239 1209 1266 1263 in
1283 1210 1484 1282 superioribus
1503 1210 1574 1265 satis
1589 1209 1625 1263 de
1640 1212 1823 1265 sacramento

1000 1297 1110 1365 (enticis,
1128 1299 1290 1352 secuudum
1302 1298 1378 1370 quod
1392 1299 1422 1353 B.
1435 1297 1576 1370 Cypriane
1592 1299 1711 1371 martyri
1728 1298 1824 1355 Domi·

1001 1405 1056 1440 nus
1072 1386 1196 1441 revelare
1211 1387 1349 1458 dignatus
1362 1391 1416 1441 est.
1428 1387 1565 1458 Superest
1576 1393 1608 1443 ut
1623 1405 1700 1443 nunc
1715 1389 1751 1444 de
1763 1406 1824 1462 my·

1000 1476 1088 1530 sterio
1117 1475 1260 1530 Dominici
1288 1476 1417 1547 corporis
1443 1476 1604 1548 nostrique,
1633 1476 1662 1531 id
1688 1481 1734 1533 est
1757 1476 1822 1535 novi

1001 1563 1117 1619 Pascha
1143 1563 1341 1620 immolatione
1364 1564 1499 1636 qualiter,
1513 1565 1557 1621 vel
1582 1565 1726 1638 aquibus
1747 1566 1822 1624 cele-

1001 1654 1146 1708 brandum
1163 1653 1212 1708 sit.
1229 1652 1412 1709 Sanctissimi
1428 1671 1509 1726 papa
1525 1655 1653 1727 Gregorii
1665 1661 1823 1713 sensumet

1000 1741 1087 1796 rerba
1102 1746 1298 1812 ponamusut
1310 1744 1386 1814 quod
1403 1743 1458 1797 sub
1474 1742 1616 1798 velamine
1631 1743 1733 1801 littere
1748 1749 1823 1818 toge-

959 1812 984 1880 B
1000 1830 1086 1885 tratur
1103 1830 1131 1884 in
1147 1828 1220 1901 lege,
1238 1829 1267 1884 in
1285 1830 1439 1903 Evangelio
1454 1831 1505 1887 fiat
1520 1833 1559 1886 rei
1575 1830 1695 1887 veritate
1710 1833 1822 1907 perspi·

999 1935 1087 1974 cuum
1101 1934 1107 1972 z
1119 1918 1234 1985 l'aaclra,
1245 1917 1349 1991 inquit,
1358 1927 1492 1988 reortram,
1503 1919 1653 1992 apostolis,
1666 1922 1823 1979 ineluctatae

1000 2017 1039 2065 cat
1052 2007 1185 2064 Cirrirtas.
1202 2006 1231 2062 Si
1250 2007 1339 2079 igitur
1353 2006 1465 2063 Pascha
1478 2008 1621 2079 Christus,
1637 2011 1822 2082 pensandum

999 2097 1084 2153 aratris
1099 2101 1144 2151 est
1159 2097 1234 2168 quod
1253 2096 1288 2152 de
1304 2096 1469 2152 Paschalex
1484 2097 1623 2170 loquitur,
1636 2104 1668 2154 ut
1683 2099 1822 2157 subtilius
1887 2137 1896 2151 ·

1000 2190 1217 2258 perscrutantes
1241 2185 1389 2258 possimus
1415 2201 1570 2258 agnoscere
1584 2205 1620 2243 an
1647 2187 1683 2244 da
1706 2187 1822 2245 Christo

998 2275 1076 2331 dicta
1090 2274 1252 2330 videantur.
1268 2275 1381 2347 Moyses
1397 2275 1554 2349 quippeait
1571 2276 1703 2334 :Sumeret
1715 2276 1748 2336 da
1760 2293 1823 2336 aare

997 2367 1081 2436 paine
1094 2365 1170 2434 aqui,
1186 2367 1242 2418 etc.

1034 2454 1101 2509 Car.
1127 2452 1248 2508 xnvut.
1268 2484 1302 2493 -
1324 2454 1418 2510 Utrum
1443 2454 1547 2510 Pascha
1572 2455 1644 2511 tatuit
1669 2420 1822 2528 lepitirriam

1031 2533 1092 2597 port
1104 2526 1174 2579 arrru'
1187 2526 1306 2595 spatium
1320 2526 1361 2580 vet
1382 2536 1440 2596 poa
1463 2527 1543 2597 torpa
1557 2527 1588 2582 ia
1603 2529 1748 2586 interualla
1763 2528 1820 2585 dic·

1033 2613 1107 2656 ram.
1122 2612 1158 2651 aa
1173 2595 1293 2667 quotidie
1306 2612 1323 2649 a
1337 2595 1463 2666 filialibus
1477 2599 1513 2652 sit
1526 2596 1668 2654 ederalam.

1035 2685 1149 2740 Paschae
1164 2688 1262 2739 autem
1279 2682 1368 2755 hujus
1384 2685 1608 2754 observantiam,
1622 2687 1650 2741 id
1666 2691 1711 2744 cst
1725 2688 1821 2744 Domi·

999 2774 1054 2829 uici
1067 2773 1195 2846 corporis
1207 2790 1239 2827 ac
1249 2772 1404 2844 sanguinis
1416 2774 1631 2846 perceptionem
1643 2776 1821 2848 quibusdam

999 2864 1089 2919 moris
1104 2865 1148 2917 est
1164 2866 1229 2934 riost
1243 2862 1312 2915 canni
1328 2862 1467 2934 spatium,
1480 2864 1659 2935 quibusdam
1674 2881 1741 2922 vero
1756 2869 1823 2939 pest

998 2957 1075 3008 certa
1092 2950 1241 3007 intervalla
1261 2950 1574 3023 dierum,qnibusda1n
1590 2971 1706 3027 quoque
1722 2948 1821 3027 quoti·

999 3040 1045 3095 die
1060 3057 1111 3111 pro
1122 3055 1278 3094 caussarum
1290 3038 1456 3094 diversitate
1467 3039 1623 3096 celebrare.
1631 3044 1713 3108 Quod
1723 3048 1820 3100 tamen

999 3129 1092 3202 magis
1102 3129 1218 3184 ridetur
1231 3127 1368 3182 humana
1383 3127 1470 3183 saluti
1482 3145 1651 3201 congruere,
1666 3131 1691 3188 si
1708 3149 1783 3205 pura
1793 3137 1823 3188 et

999 3219 1103 3273 derata
1118 3234 1201 3272 mens
1218 3216 1305 3272 luerit
1324 3217 1525 3273 accerlentium
1541 3220 1576 3275 ad
1599 3221 1674 3277 tanti
1690 3221 1820 3295 mysterii

999 3311 1226 3363 sacramentum.
1240 3305 1328 3362 Panis
1343 3305 1490 3378 siquidem
1505 3308 1570 3362 vitm
1581 3308 1715 3366 Christus
1730 3313 1784 3380 est,
1795 3311 1822 3368 ei

1000 3397 1084 3468 panis
1098 3395 1145 3450 hic
1162 3395 1294 3449 omnium
1312 3411 1369 3450 nen
1385 3399 1439 3459 est,
1453 3397 1503 3451 sod
1519 3397 1648 3453 fidetium
1662 3398 1824 3472 piequesu·

1000 3485 1155 3540 mentium.
1171 3483 1254 3538 Sicut¹
1275 3482 1353 3538 euim
1378 3484 1455 3538 Deus
1470 3485 1554 3540 Pater
1577 3487 1692 3560 proprie
1716 3487 1823 3544 intelli-

1000 3574 1131 3646 gentium
1147 3577 1176 3627 et
1191 3571 1371 3627 crerlentinm
1386 3578 1469 3644 pater
1481 3577 1535 3641 est,
1548 3574 1591 3630 sic
1601 3574 1735 3632 Christus
1746 3577 1823 3633 Dens

1001 3667 1029 3718 et
1040 3662 1181 3717 Dominus
1194 3665 1302 3726 noster,
1310 3661 1359 3716 Dei
1372 3661 1463 3716 Filius
1473 3678 1573 3717 aarum
1583 3663 1631 3733 qui
1643 3680 1749 3737 corpus
1759 3666 1824 3737 ejus

1001 3768 1068 3807 cunr
1081 3751 1136 3805 fide
1145 3750 1321 3821 suscipiunt,
1330 3750 1423 3805 Putris
1436 3753 1588 3817 estonam
1600 3768 1704 3822 panem
1714 3769 1749 3808 ex
1760 3754 1825 3825 ejus

1002 3840 1193 3913 praeeptione
1209 3838 1271 3893 dari
1295 3838 1379 3893 nobis
1394 3840 1523 3910 quotidie
1539 3839 1725 3911 postulamus
1740 3858 1758 3897 a
1772 3841 1826 3899 Pa-

1003 3935 1055 3997 tre,
1073 3945 1109 3984 ne
1125 3927 1173 4000 qui
1191 3928 1219 3982 in
1237 3943 1270 3982 eo
1292 3944 1406 3994 sunaus,
1422 3931 1451 3982 at
1472 3927 1680 3985 eucharistiam
1696 3931 1826 4003 corporis

1002 4018 1067 4089 ejus
1079 4015 1210 4088 quotidie
1225 4016 1262 4071 ad
1278 4015 1376 4070 cibum
1393 4015 1497 4071 salutis
1513 4017 1684 4089 accipimus,
1702 4018 1826 4076 interea-

1004 4106 1089 4161 dente
1104 4104 1203 4176 aliquo
1217 4104 1348 4177 geariore
1363 4103 1478 4171 delicto,
1495 4105 1566 4160 dnm
1582 4105 1708 4162 abstenti
1724 4111 1754 4163 et
1768 4125 1826 4164 non

1004 4193 1267 4261 communicantes,
1282 4198 1311 4247 et
1325 4209 1342 4248 a
1357 4190 1466 4248 scelesti
1487 4210 1562 4266 pane
1580 4194 1675 4267 jejuni
1701 4196 1739 4252 ab
1762 4197 1827 4268 ejus

1004 4301 1123 4357 corpore
1148 4298 1326 4355 separemur,
1343 4282 1406 4353 ipso
1431 4283 1618 4354 predicante,
1636 4288 1665 4338 et
1688 4284 1825 4340 dicente:

1003 4374 1057 4444 Cyn
1072 4390 1133 4428 sam
1146 4373 1226 4444 punis
1242 4374 1328 4437 ruina,
1341 4373 1388 4444 qai
1402 4371 1434 4427 dc
1448 4372 1512 4428 caeto
1527 4372 1667 4439 deceant&
1683 4375 1731 4446 qai
1743 4373 1829 4429 cdertt

1004 4461 1037 4516 dc
1051 4477 1109 4516 mco
1122 4476 1192 4532 panc
1214 4462 1285 4515 viret
1310 4463 1339 4515 ia
1364 4469 1516 4527 maronam
1529 4463 1611 4533 panis
1631 4468 1733 4530 naara,
1748 4477 1829 4533 quera

127 4538 233 4594 ilerum
249 4539 398 4611 pletllbllS
413 4539 497 4612 siguo
513 4555 575 4605 SUO,
588 4536 950 4607 lratllrlilclsiucompttru-
966 4552 988 4616 D
1003 4567 1049 4622 (390
1071 4549 1177 4616 tlt'thYO,
1203 4566 1265 4605 (apro
1288 4565 1348 4605 mea
1371 4559 1411 4605 OS!
1431 4566 1482 4622 pro
1502 4548 1601 4605 mundi
1624 4551 1689 4605 py'uy,
1707 4550 1827 4615 Quando

126 4626 197 4683 bilia
211 4644 335 4683 munera
349 4628 405 4682 voti
428 4628 484 4681 sui.
500 4628 533 4681 Gt
549 4643 615 4682 cum
632 4625 739 4698 gaudio
756 4625 871 4691 reversi,
889 4623 950 4679 herc

126 4717 323 4788 perordinem
346 4716 463 4771 damino
487 4732 541 4770 suo
566 4715 743 4780 nuntiarent,
761 4720 789 4769 et
804 4715 847 4770 sui
873 4715 934 4769 ‹lrrsi

125 4805 196 4860 dccii
214 4808 379 4877 compotem
394 4803 555 4859 reddidere.
568 4803 620 4869 Qui
638 4804 766 4874 pretiosa
781 4808 949 4858 sauctorum

125 4893 288 4965 patrocinia
310 4896 473 4949 reverenter
495 4892 634 4964 suscepit,
647 4897 676 4947 et
699 4892 906 4948 honorabiliter
920 4893 949 4947 in

125 4981 189 5038 loco
203 4981 361 5038 venerabili
373 4980 514 5052 condidit,
527 4981 576 5036 uhi
594 4981 671 5036 Deus
682 4982 823 5037 miracula
837 4982 950 5053 operari

126 5070 267 5145 dignatur
281 5070 317 5125 ad
337 5069 454 5126 laudem
471 5074 499 5126 et
513 5069 635 5143 gloriam
653 5071 781 5126 nominis
796 5071 841 5125 sui
859 5088 951 5144 usque

127 5161 156 5215 in
172 5159 348 5215 hodiernum
364 5159 452 5214 diem.

143 5268 213 5325 Car.
225 5267 362 5323 xam-
372 5268 409 5322 De
422 5276 589 5324 sacramento
600 5269 693 5324 euticis
709 5268 775 5340 qnid
789 5269 933 5324 renotatam

394 5341 431 5396 ait
447 5339 520 5396 beuta
536 5340 684 5413 Cypriane.

163 5438 350 5512 (marimens
367 5438 511 5510 siquidem
528 5440 630 5495 beatus
641 5437 804 5511 Cyprianus
819 5438 854 5492 ad
866 5436 951 5493 Caci·

128 5525 204 5583 lium
220 5527 256 5583 de
270 5532 455 5583 sacramento
470 5527 578 5593 calicis,
597 5528 668 5582 dicit
692 5527 766 5582 inter
781 5525 837 5580 arlia
855 5543 860 5579 :
878 5528 952 5592 Quo-

163 5626 204 5707 (6)
217 5625 291 5683 viae
305 5626 382 5684 inter
396 5625 534 5703 epistolas
549 5626 578 5685 S.
597 5625 743 5702 Cypriani.

1004 4659 1072 4714 ergo
1089 4641 1160 4694 dicit
1175 4639 1204 4694 in
1220 4644 1360 4695 internum
1386 4639 1489 4706 virere,
1507 4639 1531 4694 si
1547 4638 1614 4710 quis
1638 4638 1730 4694 ederit
1744 4638 1780 4695 de
1794 4654 1828 4696 aa

1005 4749 1089 4804 pane,
1108 4730 1296 4784 aranu-»surm
1318 4731 1362 4783 est
1382 4745 1431 4783 eas
1447 4728 1550 4796 rivere,
1568 4727 1617 4799 qui
1634 4744 1739 4799 corpus
1764 4730 1829 4801 ejus

1005 4821 1163 4892 attingunt,
1178 4824 1206 4871 et
1231 4816 1437 4872 errclraristiam
1461 4832 1533 4870 verce
1552 4818 1829 4875 communicationis

1006 4909 1163 4980 accipiunt.
1181 4907 1220 4960 tta
1234 4903 1508 4959 contratimcndum
1524 4907 1828 4976 estetorandum,nc,

1006 4997 1076 5050 ilum
1101 4994 1168 5066 quis
1193 4993 1346 5046 abstentus
1370 4992 1673 5061 separaturaChristi
1698 5011 1828 5066 corpore,

1005 5101 1115 5139 vacuus
1131 5084 1280 5136 renrnneat
1303 5095 1320 5133 a
1343 5076 1447 5145 salute,
1465 5081 1701 5138 communicante
1725 5082 1788 5156 ipso
1801 5089 1831 5140 et

1007 5173 1120 5228 dicente
1137 5188 1143 5226 :
1160 5171 1222 5225 Nisi
1235 5168 1345 5225 ederitis
1359 5183 1469 5222 carran
1489 5170 1556 5226 Filii
1575 5170 1704 5240 luminis,
1719 5179 1746 5229 ct
1760 5173 1830 5230 trite·

1007 5264 1068 5318 ritis
1087 5262 1249 5332 sanquinem
1263 5258 1331 5331 ejra,
1348 5272 1404 5311 aaa
1427 5255 1530 5314 lratctts
1553 5260 1637 5315 uitam
1652 5261 1681 5316 ia
1694 5259 1778 5340 qotia
1795 5260 1831 5318 ut

1007 5352 1072 5407 ideo
1088 5365 1193 5422 panem
1215 5351 1358 5415 nostrum,
1377 5346 1406 5402 id
1430 5352 1475 5403 est
1490 5347 1650 5416 Christum,
1667 5349 1730 5406 dari
1745 5350 1830 5408 nabis

1008 5441 1138 5515 qnotidie
1149 5437 1285 5511 petimus,
1294 5441 1326 5491 ut
1336 5437 1385 5509 qui
1399 5437 1428 5492 in
1440 5452 1473 5492 eo
1485 5442 1684 5506 manemus,ct
1694 5439 1828 5512 vivimus,

1008 5551 1025 5587 a
1041 5527 1270 5586 sanctificatione
1284 5526 1348 5599 ejus
1367 5542 1486 5600 corpore
1501 5543 1559 5582 non
1581 5529 1762 5592 recedamus.
1777 5532 1830 5591 Ar·

1044 5629 1081 5708 (7)
1096 5625 1168 5684 Vide
1183 5629 1254 5685 tem.
1270 5622 1394 5704 1110pp.
1411 5627 1440 5683 S.
1457 5623 1596 5706 Gregorii.
