3908 6082
641 261 808 324 absolvis
830 257 1045 320 eeaveusIS
1068 258 1236 321 aeblus

759 583 1189 723 tttttttttts
1520 730 1523 735 ,

214 817 278 905 uu
308 814 694 905 rumsmueuu
724 813 786 901 us
817 810 1087 902 altrisecus
1116 811 1158 900 s.
1189 811 1368 900 eleseu
1396 812 1729 903 couriissoius

631 1003 850 1097 aduolare
893 993 1100 1096 Adsere
1134 995 1315 1096 abbate

123 1193 218 1265 (Apud
234 1191 356 1260 Mobill.,
376 1196 448 1248 ⁴‘tcta
462 1201 628 1248 sanctorum
640 1191 701 1247 ord
718 1194 746 1248 S.
764 1191 881 1255 bened,
898 1189 1000 1246 Surculi
1017 1189 1053 1246 lV
1068 1193 1148 1262 parte
1166 1193 1512 1263 u,p.137,axms.c0dica
1528 1191 1650 1249 coenubii
1667 1192 1825 1263 S.Basoli.)

590 1512 1064 1659 osssuxvlttottss
1095 1515 1352 1607 PRAEVlAE.

368 1458 381 1487 h

160 1858 318 1914 Historiam
333 1855 535 1912 translationis
552 1872 603 1912 seu
618 1855 788 1912 elevationis
805 1856 833 1912 S.
851 1855 946 1912 Basoli
962 1855 998 1912 ab
1013 1857 1128 1912 Adsonc
1144 1855 1249 1912 abbate
1265 1854 1401 1911 Dervensi
1418 1854 1474 1910 sub
1490 1870 1601 1911 annum
1617 1854 1671 1910 980
1686 1855 1822 1929 scriptam
1843 1847 1853 1861 ⁰

125 1929 217 1986 luisse
232 1929 360 1983 diximus
375 1927 404 1982 in
421 1926 526 1982 saeculo
542 1928 682 1988 seeundo.
698 1927 746 1982 ubi
763 1927 895 1997 ejusdem
911 1926 1005 1983 sancti
1018 1927 1085 1983 Vita
1101 1926 1192 1982 relata
1206 1931 1260 1983 est.
1277 1927 1357 1982 lianc
1383 1924 1508 1982 Adsouis
1531 1924 1767 1983 lucubrationem
1780 1925 1823 1984 hio

125 1999 298 2056 exhibemus
313 2015 380 2053 eum
396 1997 545 2053 nonnullis
561 1997 721 2063 miraculis,
737 2014 862 2069 quorum
878 1997 977 2070 aliqua
991 2004 1201 2055 commemorat
1217 1998 1409 2065 Frodoardus,
1423 1997 1513 2062 nulla,
1527 1997 1604 2069 quod
1617 1997 1725 2063 sciam,
1736 2002 1823 2054 trans·

126 2070 244 2127 lationis
259 2069 406 2125 mentione
424 2071 507 2124 iacta.
524 2071 566 2122 An
579 2085 647 2124 vero
663 2069 843 2124 Frodaardus
858 2086 892 2123 ex
905 2069 1030 2135 ddsono,
1047 2086 1083 2124 an
1099 2070 1176 2124 hdso
1192 2087 1225 2124 ex
1250 2069 1414 2124 Prorioardo
1439 2069 1573 2140 quedam
1598 2072 1756 2125 mutuatas
1778 2068 1821 2137 sit,

61 2209 67 2214 .
126 2140 199 2197 mihi
212 2141 446 2212 incompertum3
463 2156 531 2194 nam
548 2138 716 2195 alteralteri
732 2139 853 2210 aqualis
868 2140 933 2206 luit,
950 2141 1064 2206 tametsi
1082 2141 1266 2195 h'redoardus
1282 2141 1367 2195 anuis
1385 2140 1442 2195 lere
1461 2139 1563 2212 viginti
1588 2144 1657 2196 ante
1681 2140 1824 2197 Adsanem

126 2211 261 2268 decessit.
278 2211 380 2267 Utrum
397 2210 529 2266 canonici
545 2210 588 2265 val
600 2211 736 2265 monachi
746 2210 776 2264 in
785 2211 915 2265 cmrrotrio
925 2211 955 2265 S.
964 2211 1057 2266 basoli
1070 2216 1143 2277 tum,
1155 2228 1222 2267 cum
1232 2210 1822 2278 translatiocelebrataest,existerint,non

126 2282 199 2340 satis
214 2283 314 2354 liquet.
331 2282 413 2338 Certe
428 2298 505 2337 enno
519 2284 572 2336 &32
583 2283 645 2352 Jam
662 2280 757 2336 locum
774 2281 941 2336 insidebant
955 2281 1088 2338 cauouici
1103 2282 1255 2337 monachis
1266 2281 1427 2349 sullecti,ut
1438 2281 1823 2339 testanturlittcraeexcuss·

126 2355 207 2410 toria
222 2352 394 2409 clericorum
410 2353 598 2408 Remensiuru
615 2351 650 2406 ad
665 2351 869 2407 Hildcboldum
885 2351 1017 2424 aliasque
1032 2353 1242 2424 suffraganeos,
1260 2353 1368 2424 quibus
1383 2369 1447 2408 sese
1462 2353 1629 2425 purgabant
1643 2369 1678 2408 ex
1694 2369 1740 2419 eo,
1751 2352 1824 2426 quod

99 2473 101 2476 ,
127 2429 243 2481 mortuo
259 2424 414 2480 hincmaro
428 2425 464 2479 de
479 2425 577 2479 tuturo
593 2439 761 2479 successore
776 2426 842 2478 anto
855 2422 1013 2478 visitatoris
1029 2424 1184 2479 adventum
1202 2424 1532 2479 tractaverantllemum
1543 2424 1696 2480 canonicis
1707 2425 1824 2480 ab'ectis

128 2496 255 2551 restituti
271 2500 341 2551 sunt
355 2494 489 2550 monaehi
506 2510 583 2549 anuo
597 2494 659 2559 952,
669 2501 743 2549 utex
752 2494 914 2549 h'radoardo
926 2494 1072 2564 ad,Vitam
1087 2495 1214 2551 S.Basoli
1227 2495 1445 2550 observavimus
1456 2514 1462 2561 ;
1475 2499 1503 2550 et
1513 2496 1568 2551 sub
1579 2496 1711 2552 secundo
1722 2441 1824 2552 abbate

127 2567 252 2633 Adeone,
269 2564 368 2622 Odolci
385 2565 470 2636 primi
487 2571 552 2637 post
562 2563 774 2620 restitutionem
785 2565 900 2619 abbatis
911 2581 1088 2632 successore,
1098 2566 1173 2621 Adso
1185 2566 1339 2621 Dervensis
1349 2566 1441 2622 abbas
1451 2565 1530 2621 bunc
1540 2565 1674 2621 libellum
1686 2564 1823 2623 exaravit.

128 2638 160 2694 ln
176 2636 234 2693 illis
247 2636 415 2710 primordiis
430 2636 507 2719 apud
524 2637 553 2692 S.
570 2635 707 2691 basolum
723 2641 871 2708 uteunque
886 2635 1013 2719 viguisse
1028 2635 1149 2704 litteras,
1165 2635 1331 2708 colligimus
1347 2655 1381 2692 ex
1395 2636 1525 2692 Gerberti
1540 2636 1666 2708 epistula
1679 2640 1709 2706 7,
1722 2638 1752 2692 in
1767 2654 1823 2763 Ἱυι

128 2707 256 2765 Plinium
271 2713 300 2766 et
313 2707 512 2781 ilugraphrum
528 2723 562 2764 ex
572 2705 699 2763 S.Basoli
712 2709 762 2762 out
775 2705 931 2763 orbacensi
944 2707 1120 2764 monasterio
1130 2706 1184 2763 sibi
1194 2706 1335 2781 perscribi
1345 2708 1380 2764 ab
1388 2707 1678 2765 hirardchrbertus
1686 2712 1773 2783 postu
1784 2711 1821 2765 at.

163 2888 231 2944 Car.
248 2887 270 2943 1.
286 2887 442 2944 bermerii
456 2887 484 2942 S.
497 2887 589 2943 Basolr'
599 2887 771 2954 inclamatio,
781 2887 951 2959 aureamque
964 2885 992 2954 Α
1006 2890 1073 2942 ante
1084 2886 1178 2943 suerat
1190 2886 1567 2959 repositum,collocavit.tu
1578 2888 1684 2943 eadem
1694 2886 1819 2957 veredis,

410 2977 497 3030 sancti
512 2976 663 3031 translatio.
1003 2973 1820 3048 quahonoridceatissimumtranslatumestajuscorpus,

163 3065 320 3136 Postquam
335 3068 434 3120 autem
449 3064 639 3120 beatissimus
656 3063 739 3119 Pater
749 3063 870 3120 basolus
880 3063 949 3120 hinc
1002 3062 1067 3134 ipsa
1082 3063 1170 3118 etiam
1186 3061 1338 3119 dedicatur
1352 3061 1476 3119 ecclesia
1490 3063 1520 3119 in
1536 3063 1646 3120 honore
1661 3063 1741 3120 beati
1757 3063 1824 3120 Mar-

128 3154 164 3210 ad
181 3169 308 3226 superna
323 3152 461 3208 carlorum
478 3151 634 3207 transierat
648 3167 747 3224 regna,
765 3152 794 3207 in
810 3151 858 3207 illo
874 3151 948 3209 duo·
1002 3151 1066 3218 tini,
1082 3150 1189 3208 Christi
1206 3152 1322 3208 Domini
1338 3152 1526 3220 contessoris,
1537 3170 1570 3209 ac
1582 3153 1765 3210 sanctissimi
1778 3153 1826 3209 ua-

128 3242 222 3299 docim
234 3240 444 3297 monachorum
454 3239 595 3306 caenobio,
608 3239 684 3311 quod
697 3240 732 3294 ad
744 3238 856 3295 radices
869 3256 949 3297 mon.-
1003 3238 1056 3295 sali
1071 3240 1162 3295 nostri
1174 3257 1226 3312 per
1241 3239 1347 3297 sarcula
1369 3242 1482 3313 patroni
1509 3239 1655 3313 specialis.
1670 3241 1738 3298 Hac
1762 3257 1824 3298 vare

126 3330 166 3387 tis
181 3333 325 3386 statutum
341 3327 410 3384 olim
432 3327 522 3384 luisse
545 3328 683 3395 diximus,
701 3327 787 3400 longo
810 3328 948 3385 defluenti
1002 3327 1155 3384 translatio
1170 3328 1258 3386 simul
1274 3335 1303 3385 et
1322 3328 1449 3386 ecelesia
1475 3347 1563 3386 sacras
1587 3328 1734 3387 dedicatio
1760 3330 1825 3386 ldus

126 3421 258 3490 temporo
273 3415 380 3489 partim
389 3419 507 3488 propter
517 3414 652 3471 incursus
661 3415 947 3488 barbaricos,partim
1002 3416 1136 3472 Octobris
1152 3418 1227 3473 lacta
1241 3422 1285 3472 est
1300 3434 1317 3472 a
1333 3418 1451 3490 prealato
1467 3418 1634 3487 Hiucmaro,
1651 3432 1768 3492 magnac
1780 3434 1825 3473 au·

125 3523 193 3563 vero
209 3509 327 3579 propter
341 3505 507 3576 frequentes
522 3507 551 3559 et
561 3507 694 3576 perpetes
704 3503 734 3559 in
746 3520 834 3576 regna
845 3504 949 3576 princi·
1002 3504 1145 3560 claritatis
1172 3505 1408 3579 archiepiscopo,
1434 3524 1493 3580 qua
1519 3505 1630 3564 scilicet
1658 3507 1707 3563 die
1734 3506 1825 3580 ipsius

126 3612 198 3669 pum
213 3594 384 3662 discordias,
396 3591 492 3648 omnis
507 3591 695 3664 antiquorum
709 3592 825 3648 Petrum
837 3594 949 3666 deperit
1003 3591 1096 3648 sancti
1110 3591 1279 3648 solemnitas
1294 3592 1431 3649 recolitur
1450 3593 1599 3662 celebrior,
1616 3594 1687 3666 quia
1711 3598 1825 3668 propter

125 3683 261 3740 instituta
276 3682 403 3739 traditio.
420 3683 503 3737 Tunc
523 3680 611 3736 etiam
637 3685 665 3736 et
691 3681 747 3736 alia
772 3683 949 3739 monasteria
1003 3679 1176 3753 populorum
1194 3681 1237 3753 (ut
1249 3681 1387 3755 diximus)
1404 3701 1438 3739 ex
1456 3684 1579 3741 diversis
1603 3689 1632 3740 et
1655 3683 1824 3758 longinquis

125 3777 197 3830 sunt
208 3790 262 3829 suo
278 3772 386 3829 honore
401 3771 523 3844 privata,
540 3771 654 3826 nudata
670 3770 756 3826 robus
770 3770 907 3841 ccclesia,
920 3776 948 3827 ot
1003 3770 1135 3842 partibus
1150 3770 1358 3826 confluentiam
1374 3773 1497 3844 contigit
1512 3778 1545 3829 ut
1558 3773 1718 3830 baberetur
1735 3775 1824 3830 larne-

124 3861 257 3935 plurima·
272 3861 428 3918 subvorsos.
1003 3859 1071 3915 sior.
1087 3859 1128 3913 Ex
1143 3875 1176 3914 eo
1191 3857 1316 3931 denique
1330 3864 1461 3933 tempora
1481 3860 1583 3917 multis
1597 3865 1627 3916 et
1641 3860 1824 3918 intercessio·

161 3952 229 4007 Post
243 3949 351 4006 multos
366 3950 456 4022 igitur
470 3950 532 4005 dios
549 3950 685 4005 redeunte
706 3948 841 4004 Ecclesiis
867 3965 946 4021 pace,
1003 3947 1089 4003 nibus
1105 3949 1197 4003 sancti
1213 3947 1410 4020 hujus,multa
1425 3955 1495 4006 suut
1510 3951 1594 4024 signa
1609 3952 1729 4008 ostensa
1741 3952 1826 4009 virtu·

125 4055 229 4094 rursus
245 4039 274 4092 in
289 4039 403 4093 diverso
419 4037 528 4093 montis
540 4035 640 4103 latere,
658 4055 690 4092 eo
706 4037 735 4092 in
746 4036 808 4092 loco
820 4036 869 4091 ubi
881 4054 947 4092 san·
1003 4041 1076 4102 tum,
1094 4052 1158 4106 qua
1173 4052 1230 4091 non
1248 4041 1317 4092 sunt
1331 4039 1543 4111 comprehensa
1557 4038 1662 4095 litteris
1673 4041 1709 4095 ad
1721 4057 1825 4097 memo

126 4131 191 4182 ctus
202 4125 316 4181 Domini
330 4126 444 4198 egregie
463 4131 651 4181 conversatus
662 4127 766 4192 luerat,
777 4125 814 4180 ab
826 4124 948 4181 miracu·
1003 4124 1076 4179 riam
1093 4127 1287 4196 posterorum.
1298 4126 1357 4182 Nos
1367 4130 1465 4182 autem
1477 4134 1620 4200 quantum
1631 4133 1734 4185 nostra
1744 4134 1825 4186 etate

126 4214 948 4286 lorumassiduitatem,qumDaminusdignabaturupcra·
1002 4216 1053 4267 aut
1068 4211 1129 4266 beri
1144 4211 1282 4283 vidimus,
1296 4218 1347 4270 aut
1363 4221 1439 4271 certe
1453 4233 1521 4272 vera
1534 4217 1666 4273 bdelium
1687 4217 1825 4275 relatione

88 4352 97 4369 ,
125 4303 148 4359 ri
164 4319 216 4376 per
227 4318 304 4369 autu,
318 4300 396 4357 aliud
413 4305 457 4357 cst
473 4303 682 4357 monasterium
692 4319 709 4357 a
720 4303 884 4358 B.Nivnrdo
895 4303 946 4358 Re·
996 4301 1058 4370 J'am
1075 4299 1144 4355 olim
1160 4301 1236 4356 iacta
1251 4303 1451 4374 cognovimus,
1465 4305 1526 4360 sive
1541 4321 1576 4361 ea
1586 4321 1650 4377 qua
1665 4323 1683 4361 a
1699 4306 1826 4378 pruden-

123 4390 218 4448 mensi
235 4389 452 4462 archiepiscope
467 4405 595 4461 congruo
612 4390 683 4445 satis
694 4396 723 4445 et
735 4391 848 4446 decenti
861 4407 945 4462 opere
999 4388 1124 4443 tioribus
1137 4388 1269 4446 historiis
1282 4391 1407 4448 breviter
1422 4396 1521 4449 natata
1536 4394 1592 4466 ipsi
1608 4394 1823 4467 perspeximus,

123 4480 308 4548 fabricatum,
325 4476 501 4535 habitaculis
523 4478 552 4532 in
578 4478 700 4534 circuitu
722 4479 808 4549 juxta
833 4478 944 4534 cultum
1000 4477 1035 4532 ad
1051 4477 1207 4534 utilitatem
1223 4480 1383 4552 legentium
1398 4482 1495 4554 palam
1510 4482 1637 4538 exsecuti
1652 4499 1771 4540 sumus.

122 4568 271 4640 religionis
284 4567 487 4623 convenienter
501 4566 662 4638 dispositis.
680 4568 800 4633 Quando
819 4583 885 4622 vcro
901 4572 944 4623 to·
1035 4567 1102 4622 Car.
1120 4567 1154 4623 ll.
1170 4569 1207 4624 Da
1222 4569 1269 4625 ilia
1284 4572 1333 4641 qai
1348 4572 1526 4628 irreverenter
1543 4575 1632 4628 sancti
1661 4572 1790 4628 bacatum

121 4660 186 4713 tum
201 4656 265 4728 ejus
279 4655 335 4712 loci
351 4656 387 4711 ad
403 4652 520 4710 laudem
535 4658 564 4710 et
578 4652 701 4726 gloriam
716 4654 805 4709 divini
817 4655 945 4712 nominis
1199 4660 1309 4729 accepit,
1323 4661 1402 4731 cujas
1415 4676 1463 4732 per
1475 4663 1617 4717 craarcar't.

121 4749 199 4802 esset
212 4747 451 4801 consummatum
466 4759 550 4814 opus,
563 4743 613 4798 sed
625 4744 730 4813 etpost
745 4741 838 4797 multa
854 4760 943 4798 anne·
1036 4746 1131 4817 Longo
1146 4749 1212 4817 post
1227 4746 1301 4802 beati
1317 4747 1424 4804 Christi
1440 4749 1616 4806 contessoris
1629 4749 1823 4824 obitum,qui·

121 4850 187 4889 rum
202 4831 348 4889 curricula
361 4831 536 4887 venerabilis
547 4831 721 4886 ssincmarus
734 4830 890 4885 liemarum
902 4849 945 4886 ar·
999 4834 1066 4890 dam
1083 4834 1199 4891 sabone
1214 4834 1331 4905 nobilis,
1348 4837 1399 4893 sed
1415 4837 1509 4894 elatus
1533 4843 1648 4894 tumore
1662 4843 1692 4895 et
1706 4839 1823 4896 bestiali

119 4920 323 4994 chiopiscopus
334 4919 511 4976 sanctissimi
524 4919 618 4975 Basali
629 4935 736 4991 corpus
747 4917 874 4985 atoeo,in
886 4935 943 4991 quo
999 4920 1110 4977 leritatc
1126 4923 1244 4991 mentis,
1259 4925 1295 4980 ad
1311 4943 1424 4982 sacram
1441 4928 1564 4984 accessit
1576 4927 1825 4998 ecclesiam,velut

118 5006 941 5076 oratvenerabiliterhumatum,deerevittransferendum.
997 5026 1086 5066 causa
1101 5011 1251 5068 orationis.
1268 5013 1321 5078 Qui
1334 5019 1400 5087 post
1415 5016 1575 5073 orationem
1591 5015 1653 5073 solo
1668 5033 1824 5089 excussus,

120 5096 172 5151 Hic
187 5096 276 5169 igitur
290 5100 445 5153 convocato
460 5096 539 5152 omni
555 5095 631 5152 clero
643 5114 695 5152 suo
711 5099 798 5167 atque
815 5097 943 5152 maxima
997 5096 1135 5153 barulum
1151 5099 1243 5154 sancti
1254 5102 1375 5174 acecpit,
1387 5119 1420 5158 ac
1431 5108 1529 5160 mento
1541 5121 1826 5179 suspensum,super

119 5182 309 5240 multitudine
325 5185 528 5258 populi,prout
537 5184 868 5257 tantouegotiodiguum
880 5186 941 5241 lue-
996 5187 1100 5258 pedam
1116 5185 1225 5243 stultus
1238 5193 1267 5244 et
1278 5206 1380 5246 eniens
1392 5192 1483 5263 ponit,
1494 5192 1599 5248 deinde
1611 5192 1825 5251 subsannando

118 5278 175 5339 rat,
191 5273 331 5330 effodiens
346 5273 420 5330 sacri
438 5274 568 5345 corporis
584 5273 766 5340 thesaurum,
782 5274 817 5328 de
833 5273 895 5329 loeo
911 5274 939 5328 in
995 5273 1068 5328 dixit
1084 5290 1090 5328 :
1109 5275 1150 5328 liu
1161 5274 1823 5352 baculusisteindicatquamparvulaestatura

117 5377 175 5434 quo
191 5362 272 5433 prius
282 5360 590 5434 jacuerat,eamposito
608 5379 722 5434 quoque
737 5361 940 5418 ecclesiasticae
995 5361 1117 5418 basolus
1131 5362 1178 5419 hic
1194 5364 1297 5420 luerat.
1315 5365 1371 5421 Nec
1394 5383 1476 5423 mora
1500 5368 1575 5423 hanc
1602 5366 1822 5440 blasphemiam

117 5448 267 5519 dignitatis
283 5449 409 5522 plurimo
424 5455 621 5522 competenter
633 5455 784 5522 apparatu,
797 5467 864 5506 cum
876 5468 941 5506 can·
994 5450 1067 5506 ultio
1083 5451 1181 5507 diuina
1195 5451 1408 5525 complectitur.
1426 5455 1499 5511 Nam
1515 5474 1566 5529 pes
1576 5457 1652 5528 ejus,
1665 5457 1713 5513 cui
1724 5456 1822 5514 sancti

116 5536 182 5592 ticis
197 5541 225 5593 ct
236 5537 463 5612 hymnisiuipsa
474 5536 597 5594 ecelesia
607 5536 700 5593 multu
711 5539 837 5595 nobilius
848 5557 937 5611 quam
952 5524 973 5592 C
993 5540 1117 5597 baculus
1141 5543 1236 5597 luerat
1261 5544 1474 5614 superpositus,
1495 5546 1647 5614 emarcuit,
1664 5546 1819 5619 evestigio
