3900 6090
124 260 203 322 nea
606 262 798 323 nucoous
821 264 872 322 οη
896 262 1013 324 (ternu
1035 264 1067 324 s.
1093 267 1362 328 riaruouoce.
1744 242 1830 336 real
1917 295 1919 301 >

120 394 216 451 Chare
229 409 320 462 soror,
343 393 532 462 desiderium,
548 394 706 467 lumenque
721 400 849 463 tuorum,
957 398 1180 464 AArsurumae
1195 401 1307 472 putetis
1322 418 1400 469 erim,
1417 402 1502 474 eujus
1516 403 1565 475 pie
1580 403 1656 461 facta

157 486 249 551 Quam
264 483 359 539 brevis
376 486 420 539 cst
435 482 530 550 nobis,
548 501 626 539 nuuc
642 485 692 540 libi
709 483 795 557 longe
811 482 910 540 selusl
1036 486 1144 543 Mundo
1162 487 1260 545 labent
1271 493 1367 546 estant
1383 490 1445 546 sine
1458 492 1516 547 llne
1531 492 1611 549 scrc‘l

121 575 191 642 lleu,
208 589 297 645 quam
314 572 344 627 iu
358 573 472 629 modico
488 574 641 629 nobiscum
659 579 787 646 tompore
802 573 910 642 vivens,
999 578 1063 631 Stet
1077 578 1159 633 locus
1175 576 1224 634 ille
1240 578 1300 648 Dei,
1318 596 1405 651 quern
1424 579 1583 637 tradiderat
1594 582 1763 642 famulabus

156 668 247 730 tiaram
262 663 318 717 cilo
335 665 367 718 tu
383 662 468 717 nobis
485 667 601 718 mortue
617 664 793 719 transieras!
1034 668 1101 733 Qua
1117 684 1169 739 pro
1186 683 1216 722 se
1226 668 1315 741 juges
1330 668 1504 725 continuent
1516 669 1672 743 lacrymas.

119 753 201 806 Nunc
219 752 247 806 in
263 751 371 807 eoelesti
389 749 457 805 felix
473 751 588 824 regione
604 751 707 819 locate,
999 755 1050 809 llio
1066 755 1172 811 chorus
1189 756 1235 811 ille
1250 756 1332 823 cluit,
1347 775 1435 831 quem
1460 759 1573 831 pridem
1599 761 1709 818 solvere
1728 765 1826 834 gretes

154 841 212 896 Nos
227 841 270 895 vel
287 857 339 913 per
351 841 432 895 visus
449 841 537 895 charra
554 841 645 896 revise
660 841 807 913 frequens
1034 844 1086 898 l‘ro
1103 863 1133 900 se
1149 846 1258 901 salveto
1273 847 1385 902 videret
1398 848 1461 920 ipse
1476 848 1544 903 Deo.

119 931 162 984 Sit
178 931 280 985 saltem
297 931 412 986 incestis
427 930 488 985 hac
503 930 664 986 consolatio
680 930 777 998 nohis,
997 933 1075 988 Vidit
1090 935 1167 989 enim
1183 936 1211 989 in
1228 937 1340 992 somnis
1357 938 1385 990 in
1403 937 1529 994 mecerin
1548 938 1637 993 nimis
1653 938 1712 994 alte

154 1020 190 1074 Ut
206 1020 373 1090 percrebro
389 1021 424 1073 ad
442 1037 494 1074 nos
510 1020 626 1074 somnia
641 1024 672 1074 tu
685 1019 809 1075 venies‘l
1033 1025 1072 1077 'lo
1089 1024 1294 1080 nrrtalumlnm
1313 1030 1391 1081 stare
1407 1026 1479 1082 setis
1494 1027 1660 1099 trepidum;

118 1111 240 1180 etjam,
256 1110 354 1178 clrerrr,
370 1109 443 1175 vnlc,
461 1109 582 1164 dulcedo
597 1115 625 1165 et
641 1108 734 1182 gloria
746 1113 846 1164 nostra
997 1114 1128 1184 Cumque
1144 1118 1298 1185 putaretur
1313 1114 1396 1186 quasi
1413 1114 1567 1171 confestim
1585 1117 1744 1188 periturus,

153 1199 270 1272 Nosque
285 1200 345 1254 tuis
360 1199 468 1271 dignis,
485 1199 584 1266 chaire,
598 1201 669 1271 juva
685 1198 808 1256 meritis.
1033 1203 1193 1268 Quorndam
1210 1203 1354 1259 clamasse
1369 1204 1505 1275 protinus
1521 1221 1536 1259 c
1551 1204 1640 1260 latere
1658 1221 1665 1259 ε

117 1289 158 1343 'fc
174 1289 260 1343 modo
278 1288 435 1357 submisso,
453 1288 542 1343 freter
558 1287 672 1356 dilecte,
689 1303 839 1360 rogemus,
996 1290 1042 1345 Vre
1059 1291 1175 1358 misero,
1189 1292 1263 1363 jem,
1280 1291 1386 1365 inquit,
1404 1293 1527 1361 ruituro,
1539 1294 1603 1366 jam
1619 1293 1759 1366 perituro,

128 1439 131 1444 ,
152 1377 332 1433 Commendo
346 1377 457 1433 crebris
471 1376 547 1432 hunc
562 1376 687 1433 Domino
702 1377 850 1449 precibus.
1032 1379 1088 1437 Ncc
1105 1398 1172 1452 spos
1187 1379 1248 1435 ulle
1262 1380 1319 1437 sibi
1332 1382 1395 1452 jem
1409 1382 1516 1454 peterit
1531 1382 1605 1439 fieri.

117 1468 160 1522 Tu
177 1466 230 1523 tibi
245 1466 328 1523 testis
344 1467 423 1535 edes,
437 1470 580 1538 quantum
596 1471 624 1522 te
639 1482 755 1538 semper
769 1467 884 1534 emerit,
994 1470 1036 1523 Ad
1050 1469 1111 1524 haec
1126 1469 1174 1525 ille
1189 1469 1246 1525 fido
1259 1470 1345 1542 plena
1362 1487 1368 1526 :
1386 1488 1443 1527 non
1460 1472 1502 1529 sic
1517 1471 1582 1540 erit,
1598 1471 1703 1544 inquit,
1745 1459 1749 1464 Δ

152 1557 235 1611 Νοηο
250 1555 292 1610 illi
305 1554 424 1628 dignam
439 1553 503 1628 ipse
519 1556 643 1626 repende
656 1554 760 1623 vicem,
1031 1558 1086 1613 Sed
1102 1576 1168 1630 spes
1184 1576 1305 1632 prorsus
1321 1560 1386 1629 crit,
1404 1561 1429 1617 si
1444 1562 1521 1618 Deus
1537 1560 1599 1634 ipso
1613 1560 1692 1617 velit.

116 1644 175 1698 Nos
189 1642 278 1698 etiem
294 1642 434 1698 minimas
448 1643 512 1714 ejus
528 1643 659 1700 demere
673 1659 789 1700 sorores
995 1646 1041 1701 Sic
1056 1647 1129 1719 pede
1143 1646 1263 1720 delapso
1277 1664 1310 1705 se
1324 1650 1487 1706 demissum
1503 1648 1700 1723 pededentim,

152 1734 235 1789 Nunc
251 1733 493 1790 commendemus
509 1749 574 1789 ecce
589 1733 649 1790 tois
664 1733 812 1801 menibus,
1032 1736 1066 1790 Et
1079 1740 1156 1792 recto
1169 1742 1292 1810 utroque
1307 1738 1361 1796 rite
1377 1739 1494 1795 stetisse
1509 1722 1592 1812 pede.

118 1822 154 1877 Ut
169 1823 284 1890 docens,
301 1838 455 1878 moneasve
471 1822 523 1877 libi
540 1840 592 1878 ηοη
608 1838 688 1878 more
703 1826 795 1889 sueto,
995 1824 1047 1881 llic
1061 1829 1167 1881 coetum
1184 1841 1325 1900 magnum
1340 1830 1432 1886 versis
1445 1828 1575 1885 faciebus
1590 1830 1626 1885 ed
1642 1832 1741 1887 ortum

152 1914 187 1967 Et
202 1929 255 1968 nos
270 1911 363 1984 ipsius
378 1927 494 1984 semper
509 1928 606 1967 umore
622 1911 710 1979 coles,
1030 1915 1131 1970 Grates
1146 1914 1214 1970 indo
1229 1915 1276 1988 pio
1293 1932 1360 1972 mox
1375 1917 1509 1973 retulisse
1523 1918 1592 1975 Dee.

118 2002 279 2057 Mercedem
295 2001 378 2057 dabit
392 2001 439 2056 hio
454 2001 546 2068 vobis,
562 2001 608 2056 cui
626 2000 725 2056 serviit
739 2000 812 2073 ipse,
994 2001 1075 2057 Vidit
1090 2002 1159 2057 huic
1175 2003 1265 2059 elium
1280 2020 1336 2059 non
1353 2004 1527 2061 dissimilem
1545 2007 1603 2064 fere
1617 2007 1733 2076 visum,
1842 2042 1846 2046 ·

155 2092 245 2164 er'us
260 2092 331 2145 item
349 2090 465 2146 famulae
482 2108 538 2146 non
555 2108 659 2146 sumus
674 2091 795 2163 exiguae.
1031 2091 1063 2146 ln
1080 2091 1203 2147 nimium
1220 2092 1298 2149 colse
1313 2093 1402 2149 ellare
1416 2109 1447 2149 se
1462 2094 1567 2150 frutice
1581 2111 1588 2163 ;

117 2181 175 2235 Nos
191 2180 279 2235 etiem
295 2179 380 2235 solito
395 2183 423 2234 te
438 2194 556 2251 semper
571 2194 669 2234 amore
681 2176 822 2244 colemus,
994 2181 1126 2253 Cumque
1141 2183 1287 2237 videretur
1299 2182 1378 2238 velut
1392 2199 1427 2238 ex
1443 2182 1502 2239 alto
1517 2182 1659 2253 ruiturus,

153 2272 245 2327 lmmo
261 2270 356 2343 magis
373 2269 507 2338 colimus,
525 2285 613 2341 quarn
629 2266 721 2325 solitas
737 2268 858 2324 fuimus.
1030 2272 1192 2339 Quenrdam
1209 2270 1317 2327 dixisse
1333 2272 1376 2327 sic
1391 2271 1511 2328 sibimet
1527 2273 1625 2330 subito
1643 2291 1650 2328 :

995 2363 1022 2418 Si
1040 2377 1166 2429 ramum,
1183 2359 1234 2432 qui
1248 2360 1442 2433 praemodicus
1457 2360 1513 2418 sibi
1530 2362 1681 2434 proximus
1695 2367 1782 2434 essct,

1031 2450 1154 2506 Fortiter
1168 2449 1312 2505 ambabus
1327 2449 1492 2521 conciperet
1506 2451 1655 2519 menibus,

116 2541 239 2595 Gratum
254 2538 337 2595 valde
353 2538 425 2594 mihi
441 2539 495 2594 hoc
510 2542 564 2606 est,
581 2538 658 2610 quod
674 2536 782 2603 dicitis,
794 2536 885 2592 immo
995 2539 1030 2594 Sc
1047 2537 1118 2592 nihil
1134 2536 1313 2593 omnimodis
1328 2554 1487 2609 passurum
1504 2554 1609 2610 nempe
1624 2538 1735 2612 periali,

153 2630 234 2685 lstud
252 2646 329 2684 nunc
344 2629 406 2701 ipse
422 2628 579 2684 debueram
595 2631 702 2699 petere.
1031 2628 1088 2684 Nec
1104 2627 1173 2698 quid
1190 2626 1215 2681 ci
1231 2641 1351 2698 prorsus
1367 2641 1453 2698 posse
1469 2626 1545 2682 mele
1560 2627 1633 2683 fieri.

117 2719 173 2773 Sed
188 2717 368 2790 praevenistis
384 2717 461 2774 siout
476 2716 598 2784 meritis,
614 2715 655 2771 ite
671 2731 764 2772 causa
994 2718 1076 2772 'func
1092 2716 1198 2771 ilerum
1222 2719 1342 2784 coetum,
1359 2718 1391 2769 ut
1406 2714 1475 2782 dixi,
1492 2731 1666 2773 conversum
1681 2717 1718 2775 ad
1733 2714 1819 2775 illum

153 2806 239 2862 lelius
254 2807 357 2862 humili
376 2807 509 2862 funditus
525 2805 631 2861 officio.
1031 2807 1144 2863 Laudes
1159 2803 1284 2861 salvanti
1299 2803 1485 2860 concinuisse
1500 2805 1569 2862 Dee.

118 2896 198 2952 Unde
214 2897 282 2969 quie
297 2894 442 2952 alternum
458 2900 591 2950 nostrum
608 2895 681 2950 liene
700 2894 782 2949 scitis
809 2908 938 2948 amorem
993 2896 1112 2951 Viderat
1126 2894 1181 2950 hoc
1196 2910 1275 2962 sane,
1292 2895 1394 2966 paucis
1409 2893 1492 2967 prius
1506 2894 1569 2967 ipsc
1583 2895 1687 2952 diebus
1754 2936 1755 2940 ,

152 2989 211 3040 Hoc
226 3002 276 3041 vos
292 2986 395 3041 ellectu
411 2985 500 3058 diligo
517 2989 590 3041 teste
604 2984 673 3041 Deo.
1029 2989 1122 3054 Quem
1138 2985 1211 3040 foret
1226 2983 1372 3053 infirmus,
1388 3000 1479 3040 senus
1493 2983 1589 3040 adhuc
1604 2985 1731 3057 penitus.

116 3073 253 3129 Doctrina
267 3092 317 3130 vos
331 3091 397 3130 vero
414 3092 478 3130 moe
495 3093 551 3130 ηοη
569 3091 689 3149 prorsus
704 3072 794 3146 egetis
807 3092 813 3141 3
995 3078 1060 3133 llaec
1076 3073 1146 3147 quid
1161 3073 1336 3147 portendant
1350 3073 1424 3128 bene
1438 3087 1490 3130 ves
1504 3074 1652 3129 advertere
1666 3073 1767 3146 quitis,

152 3165 202 3219 llst
217 3165 267 3237 qui
281 3183 331 3221 vos
347 3166 489 3220 Dominus
505 3165 631 3219 instruet
646 3164 780 3219 interius.
953 3146 974 3214 C
1030 3168 1065 3221 Et
1079 3165 1139 3219 lunc
1154 3163 1230 3219 inter
1244 3178 1276 3218 sc
1290 3179 1347 3218 non
1363 3160 1424 3218 foro
1434 3161 1578 3234 disperio.

116 3245 263 3328 Quidquid
293 3254 323 3309 in
347 3254 487 3326 obsequio
513 3270 576 3310 csso
601 3257 705 3325 potest,
731 3252 766 3308 ed
798 3251 852 3308 hoo
877 3252 937 3308 lore
991 3258 1066 3327 Ergo
1083 3253 1154 3326 quid
1171 3253 1201 3306 in
1217 3268 1302 3307 muro
1318 3252 1434 3320 renitet,
1452 3251 1509 3306 nisi
1525 3250 1603 3309 celsa
1618 3256 1756 3324 poteslas,

756 3340 936 3414 [promptum
1027 3351 1090 3411 Qua
1104 3349 1175 3399 tunc
1190 3339 1327 3398 sublatus
1341 3341 1404 3414 ipsc
1420 3341 1475 3396 fuit
1489 3340 1633 3414 penitus?

151 3433 186 3488 llt
200 3450 247 3489 me
262 3433 411 3506 promitto,
427 3438 456 3488 et
472 3433 532 3489 fore
547 3449 605 3488 non
622 3431 733 3488 dubito.
992 3436 1094 3491 ltlurus
1109 3433 1187 3489 enim
1204 3431 1298 3487 factus
1312 3431 1349 3485 dc
1364 3430 1443 3486 sexis
1457 3429 1594 3503 pluribus
1608 3428 1714 3497 exstet,

116 3522 155 3578 De
171 3523 263 3594 patris
277 3527 306 3577 et
321 3522 455 3590 fratrum,
472 3522 521 3594 qui
538 3522 698 3589 decessero,
714 3520 809 3576 selute
1027 3524 1109 3580 Sicut
1123 3524 1185 3577 erat
1200 3520 1301 3576 multis
1317 3519 1409 3576 fultus
1425 3520 1472 3575 hic
1488 3518 1640 3577 asseculis.

152 3613 214 3667 Non
230 3612 311 3668 docet
323 3629 387 3667 csse
403 3612 492 3666 nimis
506 3628 556 3666 vos
571 3610 658 3665 modo
673 3609 824 3665 sollicites.
992 3614 1047 3670 Sed
1064 3612 1111 3666 liic
1126 3627 1155 3664 ιη
1170 3624 1287 3664 summo
1303 3624 1456 3664 murorum
1472 3608 1600 3664 culmino
1615 3609 1720 3676 stabat,

116 3701 178 3757 Una
194 3718 286 3773 soror,
303 3701 378 3757 terni
394 3701 498 3756 fratres
514 3699 611 3756 obiere
625 3698 735 3769 tenelli,
1027 3702 1108 3770 Quod
1126 3697 1228 3754 mrrltis
1244 3714 1322 3752 unus
1338 3697 1398 3752 dux
1414 3697 1509 3752 lucret
1522 3697 1647 3769 positus.

150 3792 232 3858 Quod
247 3791 307 3847 fore
322 3790 375 3847 hos
390 3791 471 3863 ipsos
486 3790 627 3863 approbet
642 3789 793 3846 innocuos.
809 3804 811 3808 “
992 3793 1026 3848 Et
1041 3790 1110 3864 quie
1125 3787 1229 3845 salvari
1246 3785 1362 3854 meruit,
1379 3790 1449 3842 tuac
1464 3784 1588 3858 spiritus
1602 3784 1677 3857 ejus,

116 3881 197 3936 Ende
212 3897 304 3945 soror,
320 3897 384 3951 quan
396 3881 459 3952 J'em
475 3880 570 3935 fuerat
585 3879 742 3950 conjuncte
757 3878 873 3946 merito,
1028 3879 1097 3937 lnde
1113 3894 1201 3933 ruens
1218 3875 1304 3933 rectis
1319 3875 1489 3930 constiterat
1503 3874 1637 3946 pedibus.

151 3971 232 4036 Quod
249 3971 347 4026 micros
362 3969 427 4041 ipse
442 3972 529 4036 tenet,
547 3969 577 4024 in
591 3967 690 4025 sobole
706 3967 778 4024 illud
796 3968 894 4024 hebet.
992 3970 1074 4026 Unde
1089 3967 1171 4022 liaeus
1184 3969 1288 4032 vester,
1304 3980 1392 4036 quern
1408 3961 1537 4021 fundens
1550 3961 1686 4034 initiavit,

118 4061 181 4131 lpse
197 4063 279 4131 peter
292 4058 428 4131 quemvis
444 4058 507 4114 sine
522 4057 607 4113 sorde
622 4056 785 4129 nequiverit
799 4074 873 4125 esse,
1027 4058 1069 4114 Ob
1085 4057 1164 4112 hunc
1180 4054 1323 4110 salvatum
1339 4051 1482 4127 glorificet
1495 4051 1665 4121 Dominum.

152 4148 256 4220 Utpote
272 4148 421 4203 mundano
437 4147 575 4218 preditus
590 4145 705 4214 offici03
891 4144 894 4148 ⁴
992 4149 1049 4203 Noc
1065 4146 1120 4201 hoe
1134 4142 1279 4200 dissimile
1293 4147 1337 4199 cst
1352 4142 1428 4215 quod
1447 4140 1589 4214 posthaec
1603 4139 1665 4216 ipse
1679 4141 1815 4212 videbai·;

116 4238 238 4304 Quantis
253 4238 315 4310 ipse
330 4235 414 4293 bonis
431 4241 528 4291 tamen
543 4234 704 4291 emundare
719 4235 813 4308 piacla
1027 4236 1083 4293 Sed
1097 4236 1156 4291 fore
1170 4233 1249 4289 hunc
1263 4230 1360 4288 visum
1374 4232 1476 4288 edocet
1491 4230 1658 4287 indubium.

151 4327 266 4382 Curarit
280 4324 407 4398 proprie,
423 4341 474 4380 vos
484 4325 557 4380 bene
572 4339 659 4380 nosse
673 4325 745 4380 seio.
991 4328 1084 4382 Arbor
1098 4325 1187 4392 enim,
1204 4338 1267 4396 qua
1283 4320 1361 4378 celsa
1375 4321 1448 4378 satis
1462 4321 1557 4377 fueret
1571 4319 1627 4378 sibi
1642 4317 1705 4378 visa

115 4419 190 4473 Nem
205 4416 272 4471 licet
286 4414 449 4492 innumeris
465 4413 567 4469 mundi
583 4414 662 4469 curis
673 4420 864 4486 premeretur,
1028 4415 1128 4471 ltamis
1144 4412 1259 4479 crectis,
1275 4411 1346 4466 llere
1361 4410 1467 4466 decora
1482 4408 1565 4480 setis,

151 4505 296 4578 equibus
312 4503 391 4559 haud
407 4519 492 4576 opere
507 4519 539 4558 se
555 4501 648 4575 quivit
662 4519 776 4570 exuere,
951 4518 975 4582 p
992 4503 1102 4576 inclyta
1116 4500 1271 4575 progenies
1286 4502 1351 4573 ejus
1367 4515 1555 4574 propagoque
1570 4497 1647 4556 celsa
1661 4502 1716 4570 est,

118 4598 240 4652 ftomam
256 4593 390 4667 perrexit,
407 4609 477 4665 qno,
493 4593 540 4647 cui
556 4607 696 4648 concesse
710 4592 834 4650 facultas
1026 4593 1062 4648 llt
1074 4589 1185 4647 mundo
1200 4588 1279 4646 clere
1292 4594 1322 4645 et
1335 4588 1459 4646 Domino
1475 4587 1591 4661 placite.

153 4684 287 4740 Solvendi
305 4683 408 4750 lucret,
425 4681 535 4738 solvere
550 4699 581 4738 sc
597 4686 716 4753 peteret.
992 4683 1065 4741 Nem
1081 4681 1158 4753 quod
1175 4679 1253 4735 clare
1268 4678 1324 4733 fuit
1339 4677 1460 4745 mundo,
1477 4677 1532 4733 ssas
1547 4677 1750 4751 prodigiebet3

116 4775 189 4830 llino
205 4773 310 4845 dignos
326 4771 437 4827 cineres
454 4776 623 4826 sanctorum
639 4770 692 4828 rito
708 4776 856 4828 revectans
1027 4771 1083 4827 Sed
1100 4771 1244 4824 monstrat
1259 4770 1348 4831 recta,
1364 4764 1442 4836 quod
1458 4764 1582 4821 Domino
1597 4765 1716 4838 placite.

154 4865 268 4918 Partem
283 4862 318 4917 dc
334 4861 451 4932 proprio
461 4861 528 4930 jure
543 4860 622 4914 dedit
637 4860 770 4917 Domino.
992 4861 1023 4915 ln
1039 4860 1130 4932 hujus
1146 4873 1262 4913 summo
1279 4872 1336 4911 non
1353 4858 1445 4921 stans,
1460 4852 1511 4909 sed
1527 4853 1673 4926 pendulus
1689 4854 1783 4924 haesit,

115 4948 936 5021 llicsecresanctorumsrssaloce115‚v'osquinquesororcs
1028 4950 1090 5020 lpse
1107 4947 1183 5020 quod
1201 4949 1267 5000 autc
1283 4948 1385 5016 potens
1401 4942 1516 4997 finierat
1530 4942 1670 5015 attiguus.

153 5042 203 5098 llic
219 5041 316 5096 divino
332 5038 445 5094 dedidit
460 5037 611 5109 obsequio.
991 5040 1133 5094 Summus
1144 5033 1291 5106 ornt,quia
1302 5047 1406 5104 nempe
1421 5031 1466 5086 sui
1483 5031 1598 5103 generis
1612 5031 1701 5088 simul
1712 5050 1814 5092 omnes

116 5131 262 5196 Filiolam,
280 5145 366 5201 quem
384 5126 515 5181 cenobio
527 5126 627 5197 junxit
643 5126 864 5195 monachorum,
1027 5125 1102 5181 Vicit
1115 5124 1231 5191 virtute,
1248 5122 1317 5177 vicit
1333 5121 1441 5176 honore
1456 5136 1583 5193 quoque.

151 5221 191 5276 Nc
207 5237 265 5291 qne
278 5219 335 5273 Deo
352 5217 466 5272 deesset
481 5215 574 5287 portio
592 5216 663 5270 forte
679 5216 736 5271 sui.
993 5213 1141 5270 Pendulus
1156 5212 1289 5278 adhesit,
1307 5209 1375 5282 quie
1386 5210 1449 5279 jem
1463 5211 1565 5265 nutare
1581 5212 1708 5281 potestas

116 5310 264 5365 Postremo
280 5305 427 5362 redimens
442 5302 633 5375 eleemosynis
649 5304 811 5372 malefacte,
1027 5303 1129 5359 Vicina
1145 5306 1237 5357 morto
1254 5304 1380 5372 coeperat
1396 5299 1459 5370 ipse
1474 5315 1537 5354 sua.

152 5401 276 5470 ipseque
293 5396 456 5458 crrnfessus,
474 5398 608 5448 irrortuus
624 5393 652 5446 in
669 5394 764 5447 einero
779 5399 833 5449 est.
993 5394 1065 5449 Huic
1080 5395 1142 5447 eret
1156 5390 1286 5463 attiguus
1303 5406 1412 5455 ramus,
1430 5389 1499 5460 quia
1512 5386 1644 5460 proxime
1658 5405 1744 5445 cerne

114 5488 184 5553 Quis
200 5488 306 5559 pietate
322 5484 371 5540 Dei
388 5501 439 5555 pro
454 5482 500 5538 his
517 5500 573 5538 non
586 5481 701 5553 judicet
715 5483 812 5555 ipsum
1028 5479 1194 5536 llellrumed
1209 5479 1286 5534 elma
1300 5478 1363 5533 suis
1374 5478 1452 5550 juvit
1466 5494 1534 5533 eurn
1549 5476 1672 5532 meritis.

150 5575 335 5635 Omnimodis
351 5573 472 5646 dignum
489 5572 611 5627 crimine
628 5571 686 5628 fore
701 5572 808 5629 reum?
992 5573 1043 5631 llic
1059 5586 1225 5647 praeparvus
1241 5571 1311 5640 eret,
1329 5567 1468 5644 quoniam
1483 5567 1544 5626 hac
1559 5566 1669 5626 lemine
1682 5584 1753 5628 sexu

482 2420 577 2461 AGIUS.

273 5703 405 5769 Peraea.
429 5697 596 5765 CXXXVII.
1617 5691 1657 5762 ³8
