3908 6082
118 276 125 313 .-
148 264 212 331 aas
762 267 813 332 na
834 268 928 334 vira
951 268 983 333 a.
1007 271 1254 338 saonensem
1791 271 1852 341 ⁶⁰⁶

148 405 362 468 commoratus,
378 400 518 459 redeundi
533 403 611 459 unde
622 408 739 460 venerat
749 402 898 460 licentiam
911 420 974 476 pos·
987 410 1015 477 Α
1180 408 1427 483 Clodooeojuocnte
1440 413 1591 469 cenobium
1604 412 1704 469 coedit.

147 490 274 547 tulabat.
282 494 319 547 At
328 492 457 563 pontifex
466 493 574 549 saniori
587 509 658 549 usus
670 493 802 562 consilio,
814 495 930 549 tantum
941 510 975 548 ac
1067 496 1110 550 ll.
1122 497 1251 569 Denique
1263 499 1398 554 bumana
1409 501 1637 557 conversationis
1648 502 1753 570 ardens
1763 499 1853 555 vitare

147 579 240 637 talem
255 581 349 635 virum
363 598 380 636 a
392 599 423 636 se
438 581 585 637 dimittere
601 599 659 638 non
675 582 731 637 sibi
748 583 809 638 fore
826 583 974 654 integrum
1030 583 1163 657 collegia,
1176 586 1301 642 sollicita
1312 605 1411 644 secum
1425 589 1606 661 frequentius
1616 593 1713 646 mente
1722 588 1854 645 volvebat

147 668 717 736 arbitratus,violentobuncauctoritate
728 671 975 726 retinuitSaneto
1030 687 1159 744 quonam
1174 673 1236 730 loco
1252 693 1311 731 sun·
1328 677 1500 748 professioni
1512 695 1546 733 ac
1557 679 1706 750 proposito
1718 681 1854 750 opportu-

145 758 240 832 igitur
253 759 488 832 Quadragesirnre
505 763 636 832 tempore
651 760 817 827 accedente,
834 760 865 814 in
881 776 973 815 serre·
1031 777 1101 816 num
1118 762 1318 819 habitaculum
1333 764 1496 822 collocaret.
1508 766 1542 821 llt
1552 782 1721 838 quanquam
1734 765 1853 839 plurimi

145 846 221 903 tiore
236 864 268 903 se
283 847 388 904 cellula
398 849 611 916 condens,cum
623 847 974 921 orationisetvigiliarum
1030 850 1173 907 nobilium
1189 851 1327 924 regionis,
1339 854 1486 911 sanctitati
1496 856 1561 926 ejus
1572 854 1799 911 familiarissime
1810 871 1855 911 co·

145 935 301 1004 instantia,
326 937 476 993 acerrimis
502 954 532 993 so
556 938 645 1009 coepit
664 938 790 1010 jejuniis
815 942 973 994 coarctare.
1030 939 1183 1008 haererent,
1200 942 1331 1013 ineptum
1348 946 1447 998 tamen
1463 943 1546 999 duxit
1559 961 1576 999 n
1588 960 1735 1016 quoquam
1752 960 1853 999 eornm

145 1026 661 1099 Cumanimsompcrincomparabili
672 1026 974 1083 abstinentiovirtnte
1030 1032 1141 1100 partem
1157 1030 1219 1103 agri
1235 1030 1280 1085 vel
1297 1031 1397 1102 praedii
1414 1032 1572 1104 postulare,
1590 1049 1646 1087 non
1663 1032 1719 1086 sibi
1745 1030 1852 1099 solum,

147 1115 281 1190 polleret,
298 1115 344 1171 his
360 1120 458 1172 tamen
474 1116 579 1171 diebus
595 1116 786 1172 austeriorem
802 1115 857 1171 sibi
877 1116 975 1171 carnis
1030 1117 1183 1173 sedetiam
1200 1119 1326 1191 posteris
1341 1119 1508 1188 consulens,
1522 1136 1558 1176 ne
1572 1119 1708 1194 religiosa
1723 1120 1854 1175 fraterni-

148 1205 376 1263 munerationem
392 1203 522 1277 oorporis
542 1204 587 1260 sui
614 1203 707 1261 hostis
730 1204 885 1271 indixerat,
902 1204 974 1259 adeo
1029 1211 1192 1278 tas,qua1n
1208 1208 1270 1280 ipse
1286 1209 1315 1264 in
1328 1226 1411 1265 sacro
1423 1209 1525 1265 habitu
1538 1225 1695 1283 aggregare
1705 1209 1853 1281 cupiebat,

148 1298 185 1355 ut
199 1293 298 1367 plures
312 1293 525 1365 continuosque
539 1294 602 1349 dies
617 1293 729 1365 absquo
744 1291 834 1348 ullius
849 1292 904 1348 cibi
921 1293 974 1348 nd·
1029 1295 1183 1366 aqualibet
1191 1297 1375 1353 saecularium
1385 1298 1505 1370 proloco
1514 1316 1573 1354 sum
1582 1297 1771 1353 habitationis
1781 1296 1853 1370 quid

148 1382 817 1453 miniculoeonsummaret.Deniqueannorum
828 1379 974 1437 curriculo
1029 1383 1241 1455 inquietudinis
1255 1385 1300 1442 vel
1317 1385 1456 1442 molestia
1472 1390 1630 1458 pateretur.
1647 1386 1788 1452 Quocirca
1806 1384 1853 1441 di·

148 1471 405 1538 recurrente,dunr
414 1485 445 1525 se
453 1468 569 1524 duabus
577 1467 621 1525 vel
631 1468 725 1525 tribus
736 1467 974 1542 Quadragssimis
1028 1470 1094 1527 vino
1108 1472 1257 1545 aspirante
1272 1474 1394 1531 consilio
1410 1476 1521 1548 regiam
1536 1476 1731 1548 profectusad
1742 1473 1851 1542 aulam,

148 1558 320 1633 hujusmodi
334 1557 506 1615 crudelitate
517 1559 681 1626 conficeret,
693 1557 754 1615 hee
765 1557 828 1614 vita
839 1556 918 1613 illius
929 1556 973 1612 in·
1029 1562 1230 1618 munificentia
1242 1562 1375 1620 Clodovei
1386 1564 1511 1621 illustris
1522 1564 1671 1636 quondam
1679 1563 1756 1637 regis
1767 1564 1854 1620 Fran·

147 1649 264 1707 stitntio
278 1648 314 1704 ad
331 1645 464 1704 notitiam
480 1646 609 1703 defertur
623 1646 781 1718 pontilicis,
793 1662 846 1702 nee
856 1645 975 1702 defuere
1028 1651 1245 1719 carumlocum
1256 1655 1414 1725 quemdam
1424 1653 1584 1726 palustrem
1595 1653 1625 1708 in
1634 1651 1776 1709 suburbio
1786 1652 1854 1709 Tre·

147 1736 293 1805 malevoli,
311 1735 361 1810 qui
376 1736 562 1792 sanctitatem
578 1736 643 1807 ejus
653 1735 750 1792 invido
761 1735 1013 1848 denteeorpsn·B
1030 1740 1151 1796 cassinae
1167 1741 1249 1796 urbis
1263 1741 1400 1809 obtinuit,
1411 1742 1460 1814 qui
1472 1741 1592 1814 antiquo
1603 1741 1661 1796 ritu
1673 1741 1774 1798 Insula
1783 1740 1854 1799 Ger·

146 1830 204 1897 tos,
220 1826 351 1883 dicerent
365 1841 445 1894 eum,
461 1828 513 1881 aut
535 1823 661 1881 latenter
684 1825 845 1890 odoranni
868 1839 976 1895 corpus
1029 1829 1145 1885 manica
1164 1831 1331 1887 vocabatur.
1355 1830 1498 1902 Deinceps
1518 1847 1585 1886 vero
1609 1834 1675 1902 post
1699 1831 1853 1886 decessum

146 1932 237 1977 snum
252 1914 351 1972 inedia
364 1912 437 1970 velle
452 1912 605 1985 perimere.
621 1912 754 1969 Proxima
769 1912 859 1984 igitur
873 1911 975 1968 inimi·
1028 1916 1174 1984 clodovei,
1191 1918 1285 1973 illium
1301 1919 1366 1990 ejus
1381 1918 1562 1974 Clotharium
1578 1919 1706 1974 secundo
1721 1934 1798 1974 anno
1808 1934 1854 1975 re-

146 2009 236 2065 nonte
246 2003 486 2077 Ouedragcsima,
496 2002 625 2075 pontifex
635 2001 738 2058 talium
749 2000 975 2069 curiosus,intra
1028 2006 1078 2079 gai
1094 2007 1158 2077 ejus
1175 2010 1313 2078 expetens
1329 2007 1412 2077 (antro
1433 2007 1508 2079 oso),
1525 2011 1673 2062 annuente
1696 2006 1854 2063 venerabili

146 2094 295 2170 porticum
308 2091 436 2149 ecelesia
451 2090 586 2147 cellulam
602 2091 628 2147 ei
639 2090 805 2157 constituit,
816 2091 847 2146 in
862 2107 921 2164 qua
931 2107 975 2146 so·
1028 2093 1173 2151 Balthildo
1182 2095 1424 2168 roginaejusdem
1435 2094 1574 2151 (liutharii
1585 2100 1856 2169 matmsuperpra-

148 2179 688 2248 litscavationisontcio,abstinentia
699 2183 975 2252 temporaraneum·
1029 2183 1088 2239 fato
1102 2183 1165 2240 loco
1185 2184 1371 2258 privilegium
1387 2185 1424 2256 (3)
1440 2185 1525 2258 regia
1552 2184 1735 2241 auctoritatis
1759 2185 1854 2243 denuo

148 2276 254 2331 maes.
271 2270 384 2344 Sepias
398 2286 525 2342 namque
540 2269 644 2326 cellam
660 2285 695 2325 ex
709 2268 866 2341 impmviso
887 2285 973 2341 penc-
1028 2272 1138 2327 meruit
1148 2272 1281 2344 adipisci.
1299 2274 1380 2339 Quod
1397 2273 1467 2346 quio
1481 2275 1510 2328 in
1521 2274 1654 2330 Archivis
1669 2272 1792 2330 ooenobii
1806 2290 1856 2330 no·

148 2361 248 2421 nabat
260 2360 426 2435 episeopus,
442 2357 549 2415 certius
572 2359 693 2431 cupiens
716 2358 839 2431 experiri
865 2363 974 2429 quanto
1028 2361 1136 2431 atriti)
1152 2377 1247 2433 usque
1258 2361 1344 2418 bodie
1354 2362 1586 2429 continetur,hie
1596 2363 1716 2435 quidem
1727 2360 1855 2419 inserere

148 2450 273 2511 haeret
286 2449 383 2507 studio
407 2447 584 2516 sanctitatis,
601 2452 801 2521 quantamque
824 2446 855 2502 iu
869 2444 975 2502 virtuto
1029 2449 1213 2522 superfluum
1229 2451 1378 2519 duximus,
1395 2452 1536 2524 quoniam
1560 2451 1657 2525 legero
1681 2451 1788 2525 unique
1801 2468 1853 2508 vo-

149 2539 334 2599 tbstinsntias
349 2554 476 2611 superna
486 2537 581 2610 pietas
594 2536 635 2592 illi
646 2538 771 2610 gratiam
782 2535 973 2592 ministraret.
1028 2537 1099 2594 lenti
1113 2537 1283 2611 inpromptu
1299 2539 1403 2595 adesse
1419 2540 1555 2596 fatemur.

151 2627 277 2702 ssoxque
299 2627 525 2684 criminatorum
549 2624 664 2681 fallacia
688 2624 793 2697 patuit,
814 2628 844 2680 et
865 2627 973 2680 sancte
1064 2626 1108 2682 ta.
1125 2627 1193 2682 erat
1208 2631 1307 2683 autem
1323 2626 1404 2683 loeus
1420 2627 1498 2683 idem
1510 2629 1639 2701 partium
1650 2629 1768 2701 quidem
1779 2627 1855 2695 fisci,

149 2715 381 2777 conversationis
396 2715 461 2786 ejus
472 2713 625 2770 sinceritas
636 2713 795 2787 episcopali
805 2711 974 2769 curiositate
1028 2719 1138 2783 tamen,
1150 2719 1183 2771 ut
1197 2715 1309 2771 dictum
1324 2721 1378 2786 cst,
1396 2715 1554 2789 paludibus
1569 2718 1695 2774 refluens
1710 2734 1744 2774 ac
1754 2717 1856 2773 crebra

149 2807 273 2881 probata
279 2803 409 2873 refulsit;
422 2804 559 2876 quodque
570 2807 656 2861 antea
665 2801 846 2874 simulationi
857 2801 974 2873 deputa-
1027 2803 1200 2861 lacunarum
1213 2805 1365 2877 eruptione
1380 2804 1555 2874 scaturiens,
1570 2805 1758 2878 arbustisque
1767 2804 1856 2862 refar-

148 2895 248 2965 astar,
263 2895 300 2952 ad
315 2893 420 2950 divinas
436 2892 533 2949 laudis
549 2891 666 2948 transiit
680 2893 905 2948 incrementum.
1027 2896 1077 2951 tus
1101 2892 1294 2961 silvestribus,
1320 2894 1482 2950 bestiarum
1507 2895 1606 2966 potius
1629 2911 1663 2950 uc
1686 2898 1854 2967 serpentum

149 2983 214 3044 Otao
226 2999 305 3041 suero
316 2983 422 3041 asertor
437 2990 525 3039 carot.
537 2981 631 3038 Crucis
646 2983 724 3054 amno
737 2980 816 3053 rapot
829 2980 972 3036 demone
1029 2998 1118 3055 quam
1133 2982 1287 3039 hominurn
1303 2982 1472 3056 frequentia
1487 2982 1681 3055 competebat.
1695 2981 1746 3038 His
1757 2981 1855 3054 itaque

184 3072 212 3128 9.
229 3073 271 3129 ltx
284 3087 318 3128 eo
332 3076 463 3144 tempore
482 3071 561 3127 famu
585 3070 775 3127 beatitudinis
800 3069 864 3141 ejus
889 3068 974 3141 longe
1029 3087 1130 3145 regum
1143 3069 1855 3144 auctoritatibusinstructus,quodquaostmani·

149 3161 267 3235 lateque
282 3160 444 3234 personuit,
460 3160 532 3217 adeo
547 3163 580 3215 ut
590 3176 624 3216 ex
640 3160 847 3216 remotioribus
857 3152 1011 3232 quoqueC
1029 3176 1112 3216 mum
1141 3149 1269 3232 superno
1298 3159 1405 3216 auxilio
1435 3161 1601 3225 roboratus,
1623 3158 1773 3216 horribilis
1798 3158 1855 3215 loci

148 3248 222 3308 loois
246 3249 461 3306 infirmantium
485 3249 521 3304 ad
548 3264 615 3303 aum
640 3253 760 3304 caterva
784 3247 974 3318 confluerent,
1029 3248 1180 3322 squalores
1197 3249 1325 3322 expetiit,
1342 3250 1469 3321 dataque
1484 3247 1637 3321 principali
1650 3247 1857 3321 operavirgul·

148 3338 387 3410 ssnotitatisejus
397 3337 500 3393 merito
511 3336 662 3408 sospitatis
673 3337 815 3393 beneficia
825 3353 975 3408 reposceri·
1029 3337 1067 3394 tis
1082 3338 1185 3406 erutis,
1198 3336 1379 3411 lacubusque
1395 3337 1522 3404 siccatis,
1540 3336 1670 3409 spatium
1682 3335 1855 3393 habitationi

148 3432 204 3487 tos.
214 3429 251 3484 ht
264 3428 308 3483 vir
323 3427 382 3485 Deo
397 3426 505 3500 dignus
515 3425 546 3481 iu
558 3425 734 3482 humilitatis
744 3442 809 3482 arc-e
820 3425 975 3499 persistero
1028 3440 1193 3499 congruum
1209 3426 1392 3499 praeparavit.
1409 3426 1453 3482 lbi
1467 3425 1574 3482 cellula
1588 3425 1772 3497 oratorioque
1783 3425 1855 3482 Fro-

148 3517 280 3591 onpisns,
296 3515 338 3573 nil
352 3517 389 3572 do
405 3532 436 3572 se
452 3531 638 3588 presumere,
656 3515 697 3571 nil
712 3532 843 3588 uuquam
868 3532 975 3587 possus
1029 3514 1170 3571 dabertus
1194 3519 1374 3582 constructo,
1395 3531 1462 3570 cum
1488 3514 1590 3586 paucis
1615 3513 1710 3587 primo
1734 3513 1855 3587 quidem

147 3610 194 3665 est
207 3605 270 3663 suis
284 3604 397 3661 viribus
412 3603 574 3678 assignare.
591 3602 694 3659 Oleum
710 3604 915 3659 tantummodo
925 3603 974 3659 be·
1028 3602 1169 3659 fratribus
1186 3603 1334 3660 solitarius
1348 3603 1419 3659 vixit
1429 3603 1533 3658 divina
1549 3600 1789 3674 contemplationi
1805 3603 1855 3658 ds·

148 3695 299 3763 redicens,
315 3710 405 3766 super
418 3697 543 3766 egrotos
567 3691 677 3747 Christi
702 3707 808 3747 nomeu
831 3690 974 3747 obnoxius
1029 3691 1119 3758 ditus,
1135 3695 1164 3746 et
1177 3690 1317 3764 angelicis
1333 3708 1449 3762 semper
1464 3689 1628 3746 actionibus
1647 3693 1817 3762 occupatus.

146 3783 311 3851 invocabat,
327 3798 386 3855 quo
401 3781 547 3855 peruncti,
563 3781 686 3853 receptis
703 3780 827 3848 viribus,
839 3784 973 3836 votorum
1028 3778 1220 3836 lfoncsterium
1234 3779 1313 3835 rebus
1327 3787 1354 3835 ct
1364 3781 1489 3851 personis
1511 3785 1600 3850 capet.
1618 3777 1682 3833 {aaa
1702 3777 1797 3848 ptores
1819 3778 1855 3834 od

146 3875 297 3946 compotes
312 3873 348 3928 ad
365 3870 482 3943 propria
497 3870 677 3926 remeabant.
690 3869 757 3925 fam
771 3885 838 3926 vero
854 3869 882 3923 in
898 3869 973 3925 elfu-
1267 3870 1451 3941 eptacepotum
1468 3869 1612 3938 ussompti.

138 3959 254 4036 ,gaudis
267 3960 453 4023 demonibus
467 3975 502 4015 ea
511 3958 628 4015 virtutis
644 3958 814 4031 prestantia
828 3957 974 4031 prepolla-
1065 3957 1108 4012 13.
1122 3956 1251 4029 Inclytus
1262 3973 1330 4029 orgo
1340 3956 1536 4012 frodobertus
1542 3955 1606 4025 jum
1618 3958 1688 4010 tune
1699 3953 1786 4026 coepit
1795 3970 1854 4011 om-

147 4050 210 4118 bat,
225 4054 258 4105 ut
273 4050 438 4122 cuicunque
450 4064 648 4121 energumeno
659 4048 690 4104 in
702 4048 795 4104 fronte
804 4046 849 4103 vel
860 4051 974 4120 pectore
1029 4045 1159 4118 plifreare
1167 4045 1222 4101 sibi
1233 4045 1353 4117 suisque
1361 4060 1534 4100 concessum
1544 4042 1735 4100 habitationis
1744 4042 1853 4112 locum,

148 4138 267 4212 signum
284 4139 380 4194 erucis
395 4137 587 4209 imprimeret,
604 4153 671 4192 mox
694 4137 758 4209 ojus
783 4135 975 4208 compellente
1029 4134 1197 4206 patrimonii
1213 4134 1258 4189 sui
1275 4150 1457 4205 quaecunque
1470 4132 1590 4188 fuerunt
1605 4132 1715 4205 predia
1737 4148 1853 4204 posses-

147 4225 271 4299 imperio
294 4225 444 4300 malignus
468 4225 590 4298 spiritus
615 4226 761 4297 effugatus
785 4224 888 4281 abiret.
904 4224 920 4280 J
925 4241 974 4279 nro
1029 4223 1185 4295 sionesque
1200 4240 1234 4279 ox
1248 4222 1363 4294 integro
1374 4223 1403 4277 in
1415 4238 1572 4278 commuue
1583 4221 1654 4278 inibi
1666 4222 1852 4290 contradens,

148 4314 230 4373 onim
244 4319 327 4372 tanta
341 4316 367 4372 ei
383 4318 513 4388 potestas
528 4316 557 4371 in
569 4313 740 4387 expulsione
750 4314 915 4368 daemonum
927 4329 976 4384 ap
1028 4317 1058 4368 et
1069 4316 1214 4384 quaestum
1230 4312 1381 4384 copiosum
1395 4327 1556 4378 serrorum,
1573 4310 1758 4378 ancillarum,
1770 4326 1853 4383 agro-

149 4402 319 4479 plandebat,
335 4408 368 4459 ut
381 4405 424 4460 eis
439 4403 614 4459 fiducialiter
628 4402 795 4475 imperaret,
812 4402 862 4473 qui
879 4405 973 4457 toturn
1029 4416 1095 4456 rum
1110 4406 1248 4472 praterea
1267 4405 1296 4456 et
1319 4400 1483 4467 vinearum,
1499 4400 1554 4455 snb
1578 4399 1773 4467 testamentis,
1788 4414 1852 4470 quae

148 4507 184 4551 ss
197 4492 362 4549 diuinorum
377 4491 556 4549 submiserat
570 4492 971 4563 obedientiuprareeptorum.
990 4489 1170 4586 Dhactenus
1190 4488 1344 4556 habentur,
1361 4491 1428 4545 dato
1453 4489 1544 4561 pretio
1568 4485 1782 4543 instantissime
1803 4503 1852 4543 ae·

353 4581 422 4638 Sues
437 4583 549 4637 uirtutes
562 4581 621 4636 suis
634 4579 769 4653 propalet.
1029 4577 1159 4651 quirens.
1176 4579 1231 4634 Sed
1247 4581 1276 4635 et
1290 4595 1358 4634 mox
1371 4582 1507 4650 parentes
1521 4576 1602 4632 illius
1620 4575 1674 4630 viri
1699 4575 1777 4631 beati
1791 4574 1851 4632 lar·

185 4671 229 4727 10.
244 4673 313 4727 Erat
326 4686 390 4727 mos
405 4671 467 4727 viro
482 4669 680 4738 sanctissimo,
697 4673 729 4727 ut
744 4669 889 4741 siquando
904 4668 972 4725 cuni
1027 4666 1166 4742 gissimas
1181 4668 1206 4723 ei
1223 4684 1321 4723 rerum
1335 4681 1533 4738 gazarumque
1543 4680 1664 4721 suarum
1675 4663 1853 4721 condonave-

128 4758 301 4834 dissuens
315 4759 496 4831 colloquium
509 4758 652 4815 familiare
667 4759 823 4827 inserebat,
840 4774 905 4830 qua
915 4776 932 4815 a
942 4775 973 4814 se
1027 4760 1096 4813 runt
1110 4759 1259 4830 portiones
1275 4755 1479 4812 instrumentis
1494 4771 1529 4811 ex
1543 4753 1607 4826 lege
1626 4752 1680 4809 rite
1703 4751 1849 4825 perfectis.

143 4847 224 4909 olam
238 4853 322 4922 gesta
336 4849 463 4916 fuerant,
480 4847 680 4905 edificationis
692 4847 736 4904 vel
746 4847 869 4919 exempli
878 4847 974 4921 gratia
1027 4847 1166 4903 Processu
1182 4862 1249 4902 vero
1269 4843 1420 4917 temporis,
1437 4842 1520 4900 loeus
1544 4843 1623 4898 idem
1648 4841 1851 4914 religiosorum

142 4936 189 4996 ais
202 4939 343 5005 narraret,
360 4937 438 4993 bona
452 4936 661 5008 scilieetopera
671 4953 793 4993 sunnon
804 4941 973 5009 arroganter
1026 4935 1191 5008 frequentia
1206 4936 1235 4989 in
1247 4934 1336 4990 robur
1346 4931 1518 4989 inerementi
1532 4929 1853 4998 convaluit,nobilium·

135 5030 309 5095 ostentans,
326 5027 377 5083 sed
392 5026 538 5099 sapienter
552 5030 580 5081 et
595 5025 746 5081 humiliter
768 5025 970 5093 manifestans,
1025 5042 1082 5097 quo
1090 5040 1123 5080 eo
1134 5023 1345 5080 confluentium
1357 5019 1492 5093 largitate
1502 5020 1622 5086 ditatus,
1630 5035 1727 5075 rerum
1739 5036 1773 5075 ac
1783 5035 1850 5091 pos-

143 5119 179 5174 nt
191 5120 222 5172 et
235 5116 335 5172 divino
349 5115 415 5172 laus
431 5133 482 5188 per
497 5116 594 5187 ipsum
611 5113 669 5170 irnn
685 5114 714 5169 in
732 5114 795 5187 ipsu
819 5119 969 5182 cresceret,
1025 5113 1192 5170 sessionum
1209 5108 1505 5176 terminosdilatavit;
1515 5109 1564 5165 sed
1576 5113 1606 5164 et
1616 5107 1850 5182 congregationis

140 5201 970 5263 standientiumanimosadsanotaeimitationisstudium
1025 5199 1192 5255 monasticae
1208 5213 1349 5252 numerus
1368 5196 1397 5250 in
1423 5195 1486 5251 dies
1510 5195 1626 5268 copiose
1651 5212 1850 5268 succrescens,

140 5292 327 5351 informaret.
344 5294 492 5358 Quantum
509 5291 586 5349 enim
603 5288 918 5359 favorisveljactuntia
929 5307 971 5346 re·
1025 5283 1848 5357 nobileacfamosumreddiditusquequaquecoenobium.

141 5382 233 5456 tagus
248 5379 347 5450 fuerit,
363 5378 462 5435 cultus
477 5379 541 5435 vitae
557 5378 692 5434 solitariae
713 5375 879 5433 declaravit.
1024 5377 1081 5434 Neo
1096 5375 1168 5430 illud
1187 5374 1432 5446 praetereundum,
1445 5374 1522 5446 qnod
1533 5391 1567 5429 ex
1581 5374 1714 5445 ejusdcm
1725 5372 1849 5429 locieoe-

190 5532 218 5604 3)
233 5533 333 5589 Exstat
348 5531 378 5586 in
394 5495 597 5603 Pronrptaaria
609 5528 707 5602 Antiq.
725 5529 835 5585 Tricas.
853 5529 968 5610 pagii).
1024 5528 1123 5609 quitur
1136 5526 1213 5582 Adeo
1226 5526 1316 5582 abbas
1332 5524 1400 5581 licet
1410 5524 1614 5594 Dervonsis,in
1625 5525 1704 5586 Actis
1717 5524 1846 5589 sesan

191 5605 220 5675 t)
233 5603 281 5661 Sic
297 5602 386 5661 etiam
402 5602 526 5660 nomine
536 5600 747 5661 monachornm
763 5601 792 5657 S.
810 5598 905 5658 Basoli
926 5599 968 5657 lo·
1023 5615 1160 5675 superius
1175 5598 1211 5656 nd
1227 5614 1295 5655 ann.
1311 5598 1374 5655 620.
