3908 6082
677 291 841 354 ADSONIS
863 292 1083 356 aauvuusls
1106 292 1281 356 ABBATIS.

484 619 697 758 vlla
750 619 819 758 S.
872 621 1476 762 FRODOBERTI

404 843 624 917 lunaris
658 844 807 916 PRlMl
843 843 1124 917 callensis
1160 844 1323 916 PROPE
1358 844 1556 919 Tuscus

561 1019 762 1084 AUCTORE
783 1019 958 1084 lesciva
977 1020 1155 1083 ΑΒΒΑΤΕ
1174 1020 1405 1086 BERVENSI

381 1184 476 1257 (Apud
492 1182 613 1254 Mabill.,
630 1184 694 1240 Acta
708 1190 874 1248 sanctorum,
892 1183 961 1239 Sec.
979 1181 1013 1252 ll,
1031 1182 1172 1240 camuzati
1186 1184 1377 1257 Promptuarie
1390 1192 1416 1242 et
1430 1185 1585 1256 Bottaudo.)

613 1449 1081 1541 OBSERVATIONES
1111 1453 1347 1542 PllAEVIAE

162 1771 187 1826 l.
203 1770 300 1826 Vitam
316 1770 345 1826 S.
364 1769 530 1826 l'rodoberti
547 1769 587 1841 [S.
606 1766 769 1840 Fraubcrtl,
786 1766 902 1822 abbatis
922 1782 955 1822 ac
974 1766 1133 1822 conditoris
1149 1765 1318 1822 monasterii
1334 1766 1363 1822 S.
1381 1766 1466 1834 Petri,
1483 1767 1513 1823 iu
1533 1767 1631 1824 insula
1646 1768 1831 1839 Germanica,

125 1858 214 1915 prope
224 1843 331 1899 Traces
341 1840 505 1922 Campaniae
516 1840 691 1921 civitatem«
701 1839 856 1920 licetjusto
867 1837 984 1920 brevius
996 1837 1113 1910 seriptis
1132 1837 1263 1919 alligavit
1282 1837 1421 1909 Lupollus
1431 1838 1529 1908 (inira,
1540 1855 1569 1894 u.
1580 1840 1656 1921 21),»
1672 1841 1739 1911 ejus
1748 1841 1833 1899 disci.

125 1912 214 1986 polus
231 1929 238 1968 :
255 1914 339 1985 cujus
354 1911 587 1967 lucubrationem
602 1915 704 1983 utrque
718 1909 900 1982 deperd1tam
917 1914 997 1965 auxit
1011 1914 1218 1982 exornavitque
1231 1908 1305 1965 alter
1320 1908 1483 1966 monachus
1497 1910 1640 1968 Cellensrs
1655 1929 1828 1986 anonymam,

18 2026 23 2035 .
125 1983 181 2040 etsi
196 1983 282 2057 longe
297 1982 440 2066 posterior
455 1986 547 2049 etate,
565 1999 622 2037 non
639 1985 737 2036 tamen
754 1980 926 2037 auctoritate
941 1985 992 2036 aut
1010 1979 1173 2036 eruditione
1188 1979 1358 2036 destitutus.
1375 1980 1457 2037 Hunc
1473 1981 1652 2039 monachum
1667 1976 1830 2042 cellensem

125 2053 226 2122 faisse,
242 2069 416 2124 conpermus
431 2070 465 2108 ox
479 2053 550 2107 Vita
566 2053 703 2123 subjecta
720 2069 801 2107 num.
815 2053 857 2117 ll,
871 2067 922 2106 nec
938 2051 1023 2123 lange
1038 2056 1104 2123 post
1119 2051 1354 2117 translationem,
1369 2057 1501 2125 ternpore
1511 2051 1605 2109 Caroli
1617 2052 1696 2110 Calvi
1712 2048 1830 2125 factum,

125 2125 231 2181 vixisse
247 2125 412 2198 colligimus
427 2141 461 2180 ex
475 2140 557 2180 num.
572 2125 617 2190 23,
634 2124 684 2179 ubi
710 2123 745 2178 de
771 2122 939 2178 Frodoberti
954 2127 1068 2179 statura
1082 2122 1204 2194 loquens
1219 2123 1261 2178 uit
1276 2141 1283 2178 :
1301 2146 1315 2173 «
1330 2123 1368 2180 Ut
1391 2122 1433 2178 illi
1459 2140 1576 2196 quoque
1598 2124 1766 2198 perhibeat,
1781 2124 1833 2201 qui

125 2197 191 2270 ejus
205 2195 397 2253 sacratissimi
413 2194 542 2266 corporis
557 2212 625 2251 ossa
646 2212 676 2250 se
697 2211 730 2250 as
752 2194 845 2249 exisse
861 2194 998 2249 latentur.
1010 2216 1024 2243 »
1043 2194 1103 2249 Nisi
1129 2196 1240 2250 lortcan
1256 2195 1281 2250 is
1297 2202 1342 2250 est
1366 2195 1443 2251 Adso
1469 2195 1561 2252 abbas
1586 2196 1753 2265 Derveusis,
1791 2199 1833 2268 ui,

127 2291 146 2325 a
158 2268 267 2325 Odauis
283 2267 397 2324 abbatis
412 2267 551 2323 Cellensis
564 2266 713 2338 precihus,
728 2211 823 2347 eitam
845 2265 1021 2346 confessuris
1035 2265 1142 2321 Christi
1157 2266 1326 2322 Erodeberti
1341 2264 1429 2338 primi
1452 2265 1546 2338 ipsius
1570 2269 1744 2335 monasterii
1757 2215 1835 2339 (galf.

126 2337 218 2396 tensis
233 2355 284 2395 seu
299 2338 401 2395 insula
416 2337 605 2399 Germanica)
617 2337 821 2393 instauratoris
837 2340 865 2390 et
880 2336 996 2392 abbatis
1006 2353 1139 2393 sermone
1150 2336 1336 2393 veracissime
1353 2340 1383 2392 ot
1398 2337 1453 2393 sim
1476 2336 1525 2393 liei
1540 2336 1614 2411 stylo
1629 2339 1831 2409 exaravisse»

126 2412 233 2468 seculo
248 2409 358 2466 scilicet
371 2409 493 2477 decima,
509 2408 617 2481 legitur
630 2409 660 2463 in
675 2408 750 2463 libro
766 2425 786 2463 n
801 2407 840 2463 De
857 2407 953 2463 Gestis
969 2406 999 2463 S.
1016 2407 1161 2463 Bercharii
1183 2409 1309 2463 abbatis.
1327 2355 1474 2480 Quidqnig
1490 2407 1537 2477 sit,
1554 2408 1647 2466 solam
1663 2410 1741 2467 hene
1756 2427 1834 2468 nau·

127 2481 196 2538 cisci
213 2482 363 2554 potuimus
383 2479 626 2545 lucubrationem,
644 2479 690 2534 cni
705 2479 734 2533 in
750 2479 848 2534 codice
863 2493 919 2534 ms.
936 2479 1106 2535 monasterii
1121 2478 1336 2534 Vallislucantis
1352 2480 1531 2552 praeponitur
1549 2497 1667 2537 carmen
1682 2482 1833 2554 quoddam

127 2553 206 2609 haud
222 2551 378 2625 spernendi
394 2552 532 2618 auctoris,
550 2551 598 2623 qui
616 2549 720 2606 eraculo
736 2567 785 2604 vnr
802 2549 927 2616 vivebat;
944 2549 1101 2622 subjicitur
1116 2566 1181 2605 vero
1203 2549 1356 2606 translatio
1376 2552 1406 2607 S.
1423 2551 1590 2607 Fredebcrti
1606 2551 1723 2610 heroico
1739 2559 1833 2612 matra

126 2623 244 2696 scripta,
262 2639 329 2680 cum
345 2623 460 2679 duobus
475 2623 661 2680 sermonibus
676 2621 704 2676 in
721 2622 793 2676 lusto
810 2621 838 2677 S.
858 2621 1024 2677 Frodoberti
1040 2620 1163 2689 haltitis;
1181 2637 1244 2692 qua
1260 2621 1359 2677 omnia
1374 2621 1514 2679 beneficio
1531 2623 1564 2679 R.
1579 2623 1610 2678 P.
1621 2623 1737 2682 Claudii
1753 2623 1835 2697 Mall-
1870 2630 1875 2639 '

125 2694 187 2752 letii
203 2695 354 2821 exprioriis
371 2711 404 2750 ex
418 2695 482 2766 ipsa
508 2693 684 2749 monasterio
706 2691 884 2764 acecpimus.
901 2691 1003 2749 Solum
1018 2690 1124 2749 damus
1141 2707 1256 2747 carmen
1271 2692 1422 2766 pravium,
1439 2709 1474 2750 no
1498 2695 1600 2751 eadem
1625 2711 1693 2753 curn
1720 2712 1834 2757 nausea

126 2770 275 2824 recantare
289 2765 315 2823 vi
339 2783 450 2822 camur.

159 2839 187 2893 2.
205 2837 414 2896 Monasterium
430 2836 532 2892 insula
548 2836 725 2892 Germanica
743 2835 771 2889 in
789 2832 930 2890 suburbio
947 2833 1125 2900 Tricassina,
1137 2835 1174 2890 ad
1190 2834 1400 2890 occidentalem
1415 2836 1547 2907 ejusdem
1564 2837 1646 2893 urbis
1659 2836 1792 2912 plagam,
1802 2839 1834 2897 iu

125 2908 189 2965 loco
203 2909 327 2981 palustri
343 2909 438 2964 laetu
452 2908 612 2965 Gaurionica
627 2906 703 2962 dicto
720 2906 797 2961 eirea
820 2922 931 2961 annum
947 2903 1054 2962 Christi
1069 2906 1122 2960 650
1139 2905 1331 2974 edificatum
1354 2912 1422 2978 post
1443 2906 1583 2963 seculum
1599 2913 1736 2967 octavum
1751 2914 1835 2969 atu·

126 2978 206 3037 mulo
222 2981 252 3036 S.
269 2979 370 3036 Babini
396 2979 523 3061 episcopi
546 2978 715 3043 Tricassint
734 2977 868 3032 monachi
895 2982 981 3033 antea
1005 2976 1283 3048 amplificatorisque
1299 2976 1355 3045 sui,
1373 2976 1446 3034 Cella
1470 2978 1628 3048 sociatae
1654 2997 1731 3055 saepe
1746 2981 1833 3051 Cella,

125 3050 337 3106 recentioribus
350 3056 546 3104 monasteriem
561 3049 588 3103 S.
605 3050 680 3104 Petri
700 3049 733 3103 dc
755 3049 837 3115 Cella,
855 3047 940 3174 vulfio
955 3047 1210 3104 lluastter-ta-Celte
1232 3047 1410 3119 appellatum
1437 3054 1490 3105 est.
1508 3051 1569 3117 Qua
1594 3068 1628 3107 ax
1652 3053 1834 3111 manuario

125 3125 229 3248 {aratur
242 3121 431 3176 aldobertum
443 3127 471 3175 et
482 3121 511 3175 S.
524 3120 667 3174 lloliinum
683 3119 848 3191 episeopus,
862 3120 891 3174 S.
930 3119 1063 3174 obertum
1080 3119 1555 3200 abbatemposteaMolismensem
1567 3120 1710 3206 aliosque,
1723 3124 1834 3196 prodiit

147 3197 238 3273 etrus²
250 3190 390 3274 Celleasis
404 3192 510 3255 dictus,
527 3190 618 3273 cobus
634 3191 766 3272 ejusdem
781 3191 914 3258 cenobii,
932 3190 1037 3246 deinde
1053 3191 1082 3246 S.
1101 3190 1223 3272 Renrign
1240 3192 1317 3262 apud
1334 3191 1450 3274 Remos,
1463 3193 1584 3275 domum
1599 3195 1833 3325 apiscosusflar·

125 3267 401 3392 {lgsffiz'ifffflpus
416 3268 444 3319 et
459 3264 592 3318 doctrina
606 3261 740 3318 illustris.
758 3263 841 3319 Nunc
855 3261 928 3318 uella
942 3261 998 3318 sub
1013 3261 1074 3318 ltu.
1087 3262 1221 3318 Patribus
1231 3267 1464 3335 congregationis
1480 3264 1674 3323 Benedictma
1713 3266 1830 3325 .Yitoui

436 3584 597 3647 canusa
619 3586 670 3646 ns
693 3584 844 3647 sanare
866 3583 1129 3647 rnouoenmo
1151 3584 1342 3645 ramensi
1364 3584 1518 3646 uenam

763 3727 818 3789 aa
834 3725 941 3789 Cocta
960 3682 1189 3788 vitriacensi.

120 3916 174 3984 Qui
189 3916 273 3991 cupis
288 3917 317 3972 in
334 3916 435 3990 paucis
451 3918 629 3990 perpendere
644 3915 766 3988 grandia
781 3915 877 3971 verbis
960 3915 988 3982 Α
1037 3914 1069 3970 ln
1086 3931 1144 3987 qua
1159 3913 1297 3971 conclusa
1312 3913 1371 3969 fidu
1386 3913 1441 3971 suit
1456 3913 1552 3971 statio.

155 4006 198 4060 lla
214 4004 290 4077 potis
304 4023 336 4062 es
351 4023 438 4077 parva
453 4022 570 4063 cernere
587 4023 695 4078 magna
708 4004 792 4061 libro.
1001 4003 1024 4059 O
1039 4020 1128 4075 quam
1144 4001 1322 4075 multiplices
1336 4001 1417 4060 dedit
1432 4002 1494 4058 hac
1509 4000 1647 4061 clausura
1660 4003 1790 4076 labores,

120 4093 151 4151 Si
167 4093 262 4166 placat
277 4094 416 4164 antiquos
431 4093 529 4150 studio
545 4111 712 4167 percurrere
729 4093 832 4159 fastus,
1036 4091 1122 4148 Solus
1137 4091 1167 4146 in
1183 4090 1316 4148 astrifero
1332 4091 1402 4147 dum
1418 4095 1498 4148 tenet
1512 4106 1563 4147 ore
1578 4089 1661 4164 polal

156 4181 208 4238 llis
223 4181 336 4255 placeat
350 4182 438 4238 rebus
452 4182 506 4240 hoc
522 4183 659 4240 novitatis
675 4200 759 4255 opus.
1000 4180 1057 4238 Sed
1072 4196 1156 4254 mage
1173 4196 1256 4237 mens
1272 4185 1367 4237 artata
1382 4197 1452 4237 suos
1467 4179 1603 4238 habitura
1616 4180 1799 4257 triumphas,

120 4269 218 4329 Fortia
232 4286 409 4344 magnorum
425 4269 608 4328 celebrantur
622 4277 705 4344 gestu
718 4272 863 4336 virorum;
1035 4271 1097 4336 Quo
1112 4269 1308 4338 striderunt,
1324 4268 1411 4326 latior
1424 4270 1493 4329 inde
1506 4269 1572 4326 suit.

155 4359 214 4418 Nus
228 4358 411 4418 celebremus
426 4376 496 4432 opes
510 4359 568 4427 hic,
585 4360 769 4427 Frodoberte‚
785 4366 862 4417 tuas.
1000 4360 1082 4416 Tunc
1097 4362 1178 4415 artus
1195 4358 1290 4432 parics
1305 4359 1400 4415 tenuit
1414 4358 1608 4431 parvissimus
1624 4361 1702 4418 antri
1719 4377 1726 4416 ι

119 4448 173 4517 Qui
188 4464 262 4522 puer
275 4466 293 4506 a
308 4449 402 4521 primo
417 4447 555 4506 doctrina
571 4449 688 4506 deditus
705 4467 774 4519 evo,
1035 4448 1118 4504 Nune
1133 4447 1239 4504 retinet
1253 4448 1352 4521 magni
1368 4447 1492 4518 spiritus
1507 4446 1606 4520 ample
1619 4447 1694 4521 pali;

154 4537 306 4596 imbueres
320 4541 436 4596 teneros
450 4555 514 4595 rore
529 4539 663 4595 madente
678 4539 808 4601 animos:
998 4536 1091 4608 Cujus
1105 4554 1190 4610 opus,
1207 4537 1316 4592 Bebine
1332 4551 1423 4604 secer,
1438 4540 1468 4593 te
1483 4535 1605 4610 preside
1620 4537 1720 4605 crevit,

119 4629 247 4701 lndeque
262 4627 381 4684 Luxovii
395 4629 459 4684 vita
475 4629 626 4699 subjectus
640 4628 779 4683 honesta.
1034 4626 1164 4682 Antistas
1179 4625 1293 4682 meritis
1308 4623 1523 4697 magnificande
1536 4623 1596 4682 tuis
1612 4643 1619 4682 :

155 4716 325 4791 ltelligionis
340 4733 424 4790 opem
438 4717 533 4772 sumis
549 4716 673 4772 amando
688 4716 785 4771 fidem.
999 4715 1053 4771 Per
1066 4719 1118 4771 tua
1133 4731 1210 4770 nune
1231 4714 1426 4770 Frodobertus
1442 4731 1531 4771 ovans
1546 4713 1681 4772 consulta
1697 4715 1812 4787 beatus,

118 4806 184 4864 Max
198 4805 402 4863 Trecassinam
418 4809 551 4877 repetens
569 4803 735 4860 celestinus
753 4805 854 4859 urbem
1034 4803 1168 4859 Continet
1181 4801 1316 4858 Ecclesia
1331 4801 1461 4860 culmina
1475 4802 1553 4859 celsa
1567 4819 1639 4859 sure.

154 4888 446 4968 ltluneriltusplenus
461 4898 490 4951 et
503 4893 631 4949 bonitate
646 4893 755 4964 probus
772 4910 777 4946 :
998 4891 1390 4965 Hocopusegregiumquod
1402 4892 1826 4967 cernimus(1)undiquesaxis

118 4986 229 5042 Lucida
242 4985 347 5041 diviua
363 4983 529 5040 diffundens
544 4982 682 5055 dogmata
698 4998 816 5048 norma,
1032 4981 1152 5039 Callatis
1168 4980 1285 5049 fundas,
1297 4979 1414 5054 altaque
1430 4986 1507 5038 tecta
1520 4981 1609 5039 levas.

153 5074 190 5130 Ut
204 5074 298 5147 prosis
314 5071 414 5129 multis
429 5070 556 5127 utilitato
571 5071 652 5127 viris.
771 5088 773 5093 ’
998 5070 1029 5125 In
1045 5071 1154 5142 quibus
1170 5072 1277 5125 ademta
1293 5068 1407 5125 stabilis
1423 5071 1479 5126 sub
1494 5071 1581 5127 laude
1593 5071 1740 5142 cohortes,

117 5163 195 5220 Cella
209 5164 314 5221 dehine
329 5163 451 5236 placuit,
468 5161 577 5218 strictis
592 5160 732 5216 habitatio
748 5161 854 5234 septis;
1032 5163 1095 5216 Stat
1108 5159 1273 5215 monachile
1288 5160 1387 5228 decus,
1405 5161 1482 5233 quod
1498 5161 1572 5235 regit
1585 5160 1782 5218 Altithronus.

153 5305 274 5375 (l)llinc
284 5308 405 5378 apparet
415 5306 528 5376 pactam
540 5302 700 5375 istum‚qui
712 5301 941 5358 nronsrhusCal-
997 5303 1035 5358 ria
1050 5303 1169 5375 collapsa
1182 5301 1332 5358 attrectavit
1346 5301 1457 5358 Colitur
1472 5304 1501 5358 S.
1517 5303 1645 5358 Bobinus
1663 5303 1693 5359 in
1716 5305 1824 5378 Marty-

117 5377 208 5433 lensis
219 5378 310 5433 luisse
320 5376 443 5442 videtur,
455 5375 560 5430 vixisse
571 5374 657 5446 paulu
668 5377 734 5455 post
744 5374 773 5428 S.
785 5373 940 5438 lichinum.
997 5372 1116 5445 eulogiis
1139 5374 1246 5429 Bened.
1263 5378 1289 5429 el
1306 5373 1454 5431 Gallicano
1479 5392 1507 5430 rx
1532 5373 1651 5431 Kalend.
1670 5375 1751 5445 Maii,
1814 5375 1823 5433 ἰ

118 5448 280 5519 etquidem
297 5453 364 5504 ante
386 5446 526 5503 saeculum
542 5463 581 5510 rx,
597 5445 744 5517 siquidem
760 5448 940 5517 exsequenti
997 5446 1059 5501 alies
1074 5444 1276 5502 translationis
1292 5446 1356 5516 ejus
1380 5452 1440 5513 est3
1457 5463 1525 5501 nam
1542 5447 1604 5504 dics
1628 5447 1693 5518 ejus
1718 5393 1824 5506 uatffls

117 5518 188 5573 Vitae
200 5537 280 5576 num.
293 5521 337 5586 26,
350 5517 471 5575 basilica
487 5536 504 5573 a
518 5518 547 5573 S.
561 5517 669 5572 Babino
683 5522 821 5572 exornata
834 5523 863 5572 et
877 5535 942 5573 am-
996 5517 1156 5589 iguoratur.
1174 5517 1214 5573 De
1228 5533 1261 5572 eo
1277 5516 1352 5572 inira
1368 5534 1449 5574 num.
1468 5518 1511 5573 13.

118 5589 254 5663 plificata
267 5591 345 5648 circu
359 5588 488 5648 medium
504 5585 644 5647 sarculum
654 5605 693 5656 ur,
704 5589 865 5660 antiquitate
880 5605 940 5662 ope·
1322 5609 1325 5612 ·
