3900 6090
48 273 129 338 1185

381 438 546 478 RESPONSIO.

50 530 126 597 llaec,
143 545 207 601 qua·
224 529 419 601 prosequeris,
432 546 552 601 prorsus
562 529 715 585 verissima
730 531 873 595 constant,

85 618 249 673 discimus
264 618 388 672 nimium
405 634 491 671 emite
507 621 604 672 vetare
618 617 725 684 Denm;

50 708 106 762 Sed
123 706 244 761 minime
261 705 344 760 uoltis
361 705 486 760 nimium
500 706 554 760 boc
570 722 633 761 esse
648 705 764 760 videtur

87 796 169 861 Quod
186 793 298 849 meritis
315 793 426 849 seimus
441 793 534 865 ipsius
550 811 614 850 esse
631 794 740 848 nimus.

52 883 178 951 erantis
194 899 320 953 namque
336 881 421 937 benis
437 882 466 935 iu
483 882 537 936 bae
554 900 613 937 uua
628 898 780 937 careamus

88 973 170 1027 Hand
186 987 337 1043 quaquam
353 970 440 1042 digne
456 988 614 1041 possumus
629 972 799 1043 exprimere.

51 1063 118 1118 laec
133 1078 224 1127 seror,
243 1060 302 1115 baec
319 1063 422 1124 mater,
439 1059 499 1113 lime
514 1059 613 1114 nutrix
628 1064 714 1131 atque
726 1057 876 1131 magistra,

90 1152 154 1206 llrec
170 1148 331 1216 abbatissa,
345 1148 405 1203 hac
422 1149 516 1204 luerat
528 1149 657 1204 demina.

52 1240 126 1295 Cum
142 1239 218 1293 hane
233 1236 375 1309 aqualem
391 1236 579 1310 similemque
594 1255 645 1309 per
658 1238 758 1294 omniu
771 1235 860 1291 vitam

89 1327 233 1384 Dnaimus
248 1325 397 1394 assecula,
414 1326 577 1397 quamlibet
592 1326 712 1399 exigue.

53 1418 151 1475 Unum
167 1416 238 1472 rollo
255 1414 311 1470 luit
325 1414 450 1483 eunctis,
466 1414 543 1471 nolle
558 1415 696 1471 omuibus
712 1430 815 1481 unum,

89 1507 162 1562 Vota
178 1505 257 1561 luere
273 1521 332 1558 nna
347 1508 434 1575 atqua
450 1505 552 1559 eadem
569 1503 677 1560 studia.

53 1597 89 1653 ldt
104 1612 159 1651 nos
172 1594 248 1649 hanc
264 1608 322 1647 non
339 1591 497 1664 ploremus,
516 1593 591 1648 bane
607 1609 664 1648 non
680 1591 843 1659 doleamus,

89 1685 126 1740 nt
140 1682 324 1755 suspiremus
338 1681 499 1737 visceribus
516 1681 642 1754 cupidis,

55 1776 123 1842 Quas
139 1776 245 1829 nostra
260 1770 383 1826 dulcedo
399 1769 499 1839 simul,
515 1771 559 1825 vel
573 1770 667 1843 gloria
680 1770 755 1834 vita,

93 1864 125 1919 ln
141 1878 198 1934 qua
213 1863 283 1916 sunt
298 1877 356 1915 uua
372 1860 486 1931 perdita
503 1865 583 1915 tanta
599 1859 697 1915 bonel

56 1951 187 2022 Denique
202 1950 236 2005 dc
251 1949 400 2021 lacrymis,
417 1950 452 2003 de
469 1948 636 2020 planctibus
652 1952 738 2019 atque
754 1944 852 2001 dolere

93 2041 156 2096 Non
172 2053 303 2110 unquam
318 2037 403 2093 nobis
421 2038 569 2093 eredimus
584 2053 649 2092 esse
664 2036 747 2091 satis.

56 2128 167 2186 Saltem
184 2144 236 2184 nos
251 2126 388 2199 lacrymis
403 2130 432 2182 et
447 2125 614 2198 planetibus
629 2123 817 2189 exsatiemus,

94 2217 124 2275 Si
140 2235 198 2274 nou
214 2220 313 2289 optata
328 2231 433 2287 nempe
452 2215 519 2270 licet
533 2213 615 2270 facie.

424 2347 519 2388 actus

58 2450 123 2508 Non
139 2464 212 2521 nego
228 2464 305 2504 niinc
319 2447 402 2504 vebis
413 2447 530 2518 justum
546 2446 618 2502 satis
634 2461 698 2502 esse
712 2443 853 2511 delerem,

95 2540 158 2594 Non
175 2554 248 2611 nego
264 2541 309 2593 sat
319 2537 419 2608 justas
435 2553 499 2593 esse
514 2535 602 2592 simul
618 2534 773 2606 lacrymas,

62 2629 135 2685 Cum
153 2628 211 2684 nisi
222 2643 289 2683 cum
300 2627 412 2700 gemitu
424 2625 590 2681 membrum
600 2642 618 2680 a
627 2623 759 2679 membro
770 2619 887 2676 dirima-

67 2737 72 2743 ·
97 2719 132 2774 ut
147 2734 253 2789 eorpus
264 2718 407 2773 damnum
423 2715 543 2771 sufferat
555 2730 630 2786 egre
642 2729 741 2768 sunm.
798 2708 866 2783 [tnr,

61 2809 97 2864 Et
114 2812 213 2864 tamen
228 2806 284 2863 hoc
300 2804 413 2872 tolerat,
431 2805 508 2875 quod
524 2821 582 2859 non
598 2801 782 2858 mediocriter
795 2797 888 2871 angit,

100 2896 172 2951 lline
187 2913 221 2950 ex
239 2900 360 2961 natura,
376 2893 444 2947 inde
460 2892 509 2947 Dei
526 2891 644 2946 intuitu.

63 2986 127 3040 Nou
142 2984 220 3040 solas
237 2984 322 3039 medo
336 3000 386 3039 vos
403 2987 525 3054 tangens
540 2979 623 3036 dolor
636 2980 691 3035 iste
707 2975 862 3043 remordet,

101 3074 146 3129 Me
159 3088 275 3146 quoquc
292 3071 433 3144 depaseit,
451 3087 497 3125 me
513 3069 607 3142 magis
622 3066 777 3125 excruciat.

434 243 435 248 '
526 271 718 335 ursimus
740 272 790 332 na
812 270 929 334 oniru
953 274 985 333 s.
1010 272 1281 333 mruuuoma.

1674 277 1752 341 trae

889 405 917 472 Α
932 405 987 461 Sed
1004 405 1108 460 modus
1123 408 1177 473 est,
1190 409 1222 460 ul
1232 407 1370 478 premisl,
1385 407 1520 481 lacrymis
1533 409 1717 467 adhibendus

966 494 1000 549 ut
1016 495 1100 549 debet
1115 494 1214 550 luctus
1230 513 1287 550 nen
1303 496 1363 550 fieri
1379 497 1499 554 nimius.

930 582 1003 636 Hine
1018 583 1199 638 constristari
1216 601 1269 638 nes
1286 585 1393 640 Paulus
1408 587 1558 658 apostolus
1574 589 1638 645 istis

968 671 1020 725 Pro
1033 671 1130 726 charis
1146 673 1254 727 nostris
1270 674 1323 729 rite
1334 679 1410 730 vetat
1425 677 1545 733 monitis
1563 695 1569 732 :

931 760 1074 816 Nolumus
1089 759 1216 831 ignaros,
1235 763 1340 834 inquit,
1357 782 1407 819 VOS
1422 766 1520 835 aliero,
1537 768 1640 824 lratrcs

968 849 1007 903 Dc
1019 850 1081 919 jam
1098 851 1254 917 defunctis,
1272 851 1362 906 imum
1378 855 1549 925 soporificis,

932 937 973 992 Ne
989 936 1086 993 tristes
1099 938 1173 1006 sitis,
1192 938 1268 994 sieut
1284 940 1411 1013 reliques
1426 944 1485 997 lore
1500 949 1624 1013 constat,

968 1026 1020 1090 Qui
1036 1026 1100 1080 vitm
1116 1031 1182 1099 post
1197 1045 1279 1098 spem
1294 1047 1351 1084 nen
1368 1032 1494 1087 retinent
1506 1033 1647 1104 aliquam.

933 1114 961 1170 Si
979 1114 1125 1186 siquitem
1142 1117 1313 1172 delimctum
1330 1120 1416 1173 morte
1432 1121 1580 1178 eredimus
1594 1123 1706 1193 lesum,

970 1203 1005 1257 Ut
1021 1220 1144 1276 surgens
1160 1210 1283 1260 mortem
1299 1207 1425 1263 vinceret
1440 1209 1619 1280 horrificam,

842 1364 845 1369 j
933 1291 1093 1346 Credamus
1105 1310 1220 1366 queque
1232 1294 1349 1367 hos,qui
1357 1298 1420 1368 jam
1430 1298 1573 1355 dormisse
1583 1302 1754 1373 probantur,

904 1450 912 1466 .
970 1381 1075 1435 Secum
1092 1399 1143 1454 per
1158 1383 1258 1439 lesum
1273 1383 1373 1441 tollere
1389 1403 1467 1442 nunc
1483 1388 1652 1446 Dominum.

934 1468 1000 1524 Hac
1013 1487 1080 1541 spes
1096 1476 1204 1539 nestra,
1222 1472 1292 1528 eluit
1309 1474 1369 1529 luce
1384 1475 1544 1532 consolatio
1559 1482 1668 1548 nostra,

970 1558 1091 1614 Nostros
1107 1560 1260 1617 defunctas
1275 1562 1370 1619 vivere
1387 1581 1464 1634 nuuc
1480 1564 1596 1623 melius.

935 1647 994 1702 Noc
1010 1648 1107 1714 medo,
1122 1648 1176 1705 hoe
1192 1655 1320 1707 vestrum
1336 1652 1422 1709 debet
1436 1653 1526 1711 lenire
1540 1656 1683 1729 dolorem,

972 1735 1030 1791 lloe
1046 1737 1131 1793 debet
1145 1742 1256 1795 vestras
1271 1745 1382 1813 tergere
1397 1759 1474 1799 nunc
1489 1743 1650 1818 lacrymam

936 1825 994 1880 lloc
1009 1842 1059 1881 vos
1075 1827 1162 1882 solari
1178 1829 1274 1898 debet,
1291 1830 1345 1886 bec
1361 1831 1517 1902 letificare,

972 1913 1029 1969 llor
1044 1915 1175 1971 animum
1190 1922 1319 1974 vestrum
1340 1921 1449 1993 erigere
1466 1924 1500 1978 ad
1517 1923 1685 1982 Dominum.

1266 2051 1431 2092 aasroasro.

937 2147 996 2202 lloc
1011 2154 1087 2203 certe
1103 2149 1157 2204 hoc
1172 2151 1228 2205 erit
1242 2152 1319 2223 quod
1337 2170 1389 2208 nos
1404 2154 1547 2210 solabitur
1562 2173 1654 2213 unum

973 2237 1004 2291 ln
1020 2241 1079 2293 tam
1095 2239 1214 2295 funereo
1229 2240 1465 2315 praelugubrique
1479 2244 1555 2301 malo
1573 2263 1580 2301 ε

938 2326 1018 2391 Quod
1035 2325 1101 2381 licet
1116 2326 1163 2382 hie
1179 2329 1243 2399 ejus
1259 2346 1365 2401 eorpus
1380 2330 1484 2388 tellure
1498 2337 1624 2406 tegatur,

976 2414 1007 2468 In
1021 2413 1101 2470 omlis
1116 2408 1245 2471 ani‘mam
1262 2416 1409 2474 credimus
1425 2436 1489 2475 esse
1504 2438 1599 2477 suam.

938 2502 998 2557 Nec
1011 2520 1064 2559 nes
1079 2521 1153 2575 pura
1167 2505 1239 2560 tides
1255 2506 1319 2577 ejus
1335 2523 1452 2579 sperare
1468 2511 1582 2578 suadet,

976 2592 1034 2646 Hoc
1049 2592 1126 2665 cogit
1141 2592 1200 2648 vita
1214 2594 1331 2650 eredere
1344 2597 1505 2654 sanctifica.

940 2681 995 2737 Sed
1011 2681 1081 2753 quia
1095 2681 1204 2738 carnali
1216 2684 1279 2754 J'am
1295 2684 1349 2741 hac
1365 2702 1422 2742 non
1438 2689 1551 2744 utimur
1565 2707 1632 2758 usu,

976 2770 1033 2825 Nec
1048 2769 1124 2827 hane
1140 2772 1338 2844 conspicimus
1353 2778 1500 2848 corporeis
1515 2779 1619 2847 oculis,

941 2859 1037 2931 Ipsius
1053 2860 1175 2915 immani
1191 2861 1335 2918 desiderio
1351 2866 1524 2937 retinemur,

978 2948 1073 3020 ipsius
1087 2967 1157 3005 cura
1173 2951 1308 3023 angimur
1324 2954 1491 3011 immodica.

942 3036 1013 3092 Hine
1022 3039 1431 3111 gemimus,hincmmremus,
1439 3044 1637 3118 hiuedeaique
1646 3048 1761 3117 tlemus,

64 3164 138 3218 Nem
148 3159 503 3232 minime,relutidig11um
514 3157 756 3228 est,nuncdieere
767 3169 887 3228 possum
903 3148 925 3215 G
980 3126 1051 3180 ΗΜ
1064 3130 1108 3183 ⁰⁸l
1121 3128 1181 3182 ¹⁸⁰⁰
1198 3134 1298 3184 ”⁰⁸³⁰
1311 3148 1438 3187 mamma
1453 3137 1581 3190 llffilstffl·

100 3254 215 3318 Quanta
229 3267 282 3324 ego
296 3248 450 3304 vobiscum
465 3247 619 3304 commoda
634 3245 820 3319 perdiderim.

63 3340 123 3396 Vos
139 3339 245 3395 melius
261 3338 354 3393 nostis
370 3340 478 3410 quanto
494 3353 541 3392 me
556 3352 671 3408 sempor
686 3351 794 3402 amore,

102 3426 226 3495 Quantis
240 3424 399 3482 incolumis
413 3425 516 3482 severit
530 3424 645 3480 ollieiis.

65 3518 124 3574 Vos
140 3516 232 3573 nostis
246 3520 357 3588 quanta
367 3515 431 3586 jam
447 3512 587 3586 languida
599 3512 765 3576 sedulitate,

101 3609 164 3673 Qua
178 3606 323 3662 ansietate
339 3619 435 3659 meam
451 3601 583 3675 gestierit
597 3600 712 3668 faeiem,

65 3698 128 3764 Quo
144 3693 288 3750 desiderio
304 3690 465 3763 susceperit
476 3690 689 3757 advenientem,

102 3785 138 3842 ut
153 3799 242 3856 quam
258 3780 401 3838 mirandis
416 3778 552 3836 mulserit
565 3776 725 3849 obsequiis,

67 3873 197 3943 Qualiter
212 3870 339 3944 alloquio
354 3869 443 3926 luerit
457 3868 577 3942 dignata
591 3883 728 3940 supremo

103 3962 229 4019 Assiduo
245 3976 351 4016 nomen
368 3956 577 4031 ingeminando
592 3972 702 4013 meum.

68 4052 149 4109 Hane
163 4066 216 4124 ego
232 4065 291 4105 nou
306 4047 418 4122 plorem
440 4050 521 4103 tanto
536 4044 609 4101 mihi
629 4043 758 4102 deditam
783 4059 893 4114 amore,

105 4142 219 4208 Quanto
235 4136 406 4193 nullimodis
421 4135 516 4191 dicere
531 4133 682 4207 pravaleo.

70 4231 137 4302 lpsa
151 4228 226 4285 meis
240 4241 396 4298 compassa
411 4222 497 4280 malis
513 4227 546 4279 ut
560 4223 678 4297 propria
693 4222 780 4292 flevit,

105 4320 224 4391 Corique
240 4316 340 4390 gavisa
355 4313 440 4370 bonis
456 4313 498 4369 sie
514 4312 570 4368 luit
585 4316 617 4368 ut
631 4312 767 4384 propriis.

70 4412 138 4482 lpse
152 4406 225 4463 mihi
241 4404 319 4462 mela
334 4404 501 4461 reddiderat
515 4400 721 4471 tolerabiliora,

106 4498 188 4555 Sicut
201 4500 230 4553 et
245 4498 364 4552 econtra
376 4491 575 4566 splendidiora
588 4491 675 4547 bona.

68 4589 144 4647 Cum
155 4588 209 4644 bae
220 4583 364 4660 quidquid
374 4587 436 4640 erat
446 4598 567 4655 prorsus
577 4582 656 4654 qued
666 4580 740 4638 loric
750 4580 891 4649 volebam,

106 4678 170 4734 Non
185 4691 316 4732 secusne
332 4689 446 4729 meeum
463 4672 525 4743 ipse
540 4670 619 4744 loqui
635 4676 776 4742 poteram.

71 4768 117 4826 Me
133 4763 293 4822 misoruml
311 4779 358 4818 mc
373 4760 536 4817 infelicem!
560 4763 697 4832 poterone
712 4759 841 4817 dolorem

107 4854 242 4925 Unquam
258 4854 371 4906 mutata
386 4847 496 4904 solvere
511 4846 622 4916 latitia,

71 4943 154 5010 Quod
169 4939 220 4997 tali
234 4943 373 5011 tantaque
389 4936 476 4994 simul
493 4935 623 5009 privatus
639 4937 744 5006 amica,

109 5031 167 5103 lpsi
183 5047 250 5086 cnm
266 5029 373 5085 misere
388 5031 471 5100 septe
486 5030 635 5101 superstes
649 5026 726 5098 ego?

71 5120 130 5180 Sed
147 5119 217 5192 qnid
233 5135 311 5176 nunc
327 5118 411 5186 lacio,
428 5133 480 5172 cur
492 5116 574 5172 luctu
590 5115 662 5170 torte
677 5130 724 5170 me
739 5115 810 5187 ipse,

108 5208 167 5264 Vos
181 5208 270 5264 etiam
284 5207 362 5279 llere,
377 5223 428 5263 vos
443 5205 518 5261 facio
533 5202 672 5278 gemere?

71 5302 126 5357 Ast
140 5298 195 5355 hec
209 5315 243 5354 ex
257 5296 369 5371 fragilis
384 5296 482 5353 carnis
496 5292 656 5370 propagine
671 5293 749 5350 venit

114 5387 150 5443 Ut
163 5387 251 5443 home
267 5386 420 5442 defunctos
434 5384 534 5458 lugeat
547 5382 610 5456 ipsc
625 5399 704 5439 suas.

74 5476 206 5536 Fleverat
216 5480 245 5533 et
254 5476 396 5533 Lazarum
404 5471 778 5545 Dominus‚l)ominumqne
791 5473 896 5544 Maria,

112 5566 266 5626 Noverunt
281 5568 398 5624 sanctos
413 5563 522 5641 quique
536 5562 577 5641 pii
592 5561 736 5620 homines.

944 3215 1016 3270 Nam
1028 3215 1097 3288 quia
1113 3234 1165 3273 nes
1181 3217 1304 3275 miseros
1320 3220 1375 3275 hoc
1387 3221 1522 3278 amisisse
1535 3222 1669 3279 dolemus

979 3304 1059 3370 Quod
1075 3305 1171 3361 solum
1187 3307 1271 3362 nobis
1286 3309 1412 3366 maxime
1425 3309 1511 3366 dulce
1527 3312 1592 3379 luit,

944 3392 989 3448 Nil
1005 3392 1084 3448 aliud
1101 3394 1185 3452 nobis
1199 3396 1256 3452 nisi
1271 3397 1339 3453 llere
1354 3414 1442 3455 snare
1456 3400 1581 3469 videtur,

980 3480 1026 3536 Nil
1043 3482 1099 3537 nisi
1115 3483 1224 3555 lugere,
1241 3484 1378 3557 plangere
1391 3487 1434 3543 vel
1451 3505 1575 3561 gemero.

945 3570 1001 3626 Sed
1017 3571 1086 3642 guia
1100 3571 1209 3627 carnali
1224 3588 1328 3644 gressu
1339 3576 1402 3646 jam
1419 3594 1523 3650 nempe
1538 3581 1706 3651 nequimus,

982 3661 1079 3730 lpsam
1094 3677 1172 3716 nune
1188 3662 1296 3718 nostris
1310 3665 1517 3737 prosequimur
1531 3666 1677 3740 lacqmis.

1236 3830 1239 3834 .
1309 3795 1404 3836 AGlUS.

948 3877 1023 3931 Rara
1038 3876 1121 3945 setis,
1138 3876 1239 3952 fateor,
1256 3893 1302 3934 res
1316 3881 1371 3946 est,
1388 3881 1476 3952 atque
1491 3880 1584 3935 ardua
1597 3878 1680 3936 valde

982 3966 1018 4021 ut
1032 3982 1065 4022 ae
1080 3983 1109 4022 re
1124 3966 1209 4022 nobis
1226 3984 1283 4022 nen
1298 3967 1371 4023 adeo
1386 3965 1490 4035 facilis,

947 4055 984 4111 Ut
997 4054 1085 4113 home
1102 4054 1228 4112 earnalis
1243 4055 1299 4112 sibi
1315 4072 1402 4113 carue
1419 4056 1539 4129 perinde
1555 4058 1735 4131 propinquos

983 4143 1106 4200 Cernere
1121 4161 1259 4218 corporea
1274 4162 1332 4201 nen
1348 4144 1447 4217 cupiat
1461 4146 1544 4202 lacie.

948 4232 1010 4288 Non
1027 4232 1122 4288 solnm
1146 4233 1293 4305 cupimus,
1310 4250 1384 4306 qnos
1410 4233 1545 4293 novimus
1570 4239 1647 4304 ante,
1660 4235 1770 4306 videre,

984 4320 1040 4376 Sed
1055 4337 1172 4392 qnoque
1188 4337 1245 4377 non
1262 4325 1345 4378 notes
1360 4337 1477 4377 cernere
1492 4321 1593 4377 crebre
1605 4323 1699 4394 juvat.

949 4408 996 4464 Sic
1011 4408 1080 4463 elim
1096 4425 1179 4482 reges
1193 4413 1276 4466 terra
1292 4410 1396 4466 taciem
1411 4409 1576 4466 Salomonis

909 4519 932 4584 D
985 4497 1081 4570 lpsius
1096 4497 1196 4554 audita
1209 4498 1368 4571 gestierant
1382 4497 1495 4570 sophia.

948 4587 1003 4642 Sed
1020 4586 1190 4643 meminisse
1204 4587 1287 4643 decet
1301 4587 1370 4658 qnid
1385 4585 1541 4658 Apostolus
1558 4586 1625 4642 inde
1640 4590 1752 4657 retexit,

984 4677 1007 4730 A
1023 4675 1118 4746 specie
1133 4675 1229 4731 earnis
1245 4692 1298 4731 nes
1313 4691 1459 4731 removere
1474 4674 1573 4732 volens
1591 4692 1597 4732 ι

949 4765 1015 4821 Jam
1026 4782 1104 4820 nunc
1116 4770 1232 4836 tempus
1241 4763 1295 4819 boe
1309 4763 1538 4837 est,inqnit,qno
1549 4765 1644 4822 denuo
1656 4764 1771 4823 nullum

985 4854 1072 4908 Juxta
1086 4852 1232 4908 carnalem
1247 4870 1332 4909 nosse
1347 4853 1429 4908 dccet
1445 4853 1558 4920 taciem,

950 4942 1010 4997 Etsi
1028 4946 1144 5013 tempus
1165 4945 1227 4997 erat
1241 4941 1388 5013 quondam
1405 4959 1462 5013 quo
1482 4941 1608 5014 denique
1623 4939 1772 4996 Christum

985 5031 1073 5087 Juxta
1087 5046 1255 5102 corpoream
1272 5030 1407 5087 novimus
1422 5030 1564 5104 effigiem

950 5121 1006 5176 Sed
1022 5120 1236 5191 minimejmrtn
1252 5135 1369 5177 caruem
1381 5120 1444 5193 jam
1460 5119 1595 5177 novimus
1610 5118 1719 5192 ipsum,

987 5210 1148 5281 Ncc‚Jaxta
1165 5209 1336 5277 humanam,
1352 5210 1511 5283 querimus
1528 5210 1618 5274 huno,
1634 5206 1773 5287 speciem,

951 5299 1016 5355 Jam
1033 5298 1179 5372 siqnidem
1190 5297 1324 5354 Christus
1344 5316 1396 5371 pro
1416 5298 1501 5355 nobis
1520 5302 1654 5354 mortuus
1669 5297 1773 5363 exstat,

987 5389 1053 5445 Jam
1070 5387 1166 5444 caruis
1182 5386 1298 5461 fragiles
1314 5389 1394 5444 exuit
1408 5388 1538 5459 exuvias,

952 5479 1018 5537 lam
1033 5477 1193 5546 hominem,
1206 5493 1293 5551 quem
1309 5495 1361 5550 pro
1376 5477 1461 5533 uobis
1474 5480 1652 5550 susceperat,
1670 5473 1749 5534 ultra

988 5567 1081 5626 Calos
1097 5567 1133 5626 ad
1148 5568 1281 5627 dextram
1296 5565 1450 5627 substituit
1462 5565 1600 5644 patriam.
