3900 6090
128 302 132 311 ,
488 235 661 299 acanum
682 237 769 321 aaa.
792 237 941 321 uuuou.
965 238 1017 343 us
1038 237 1130 333 aare
1151 238 1185 323 s.
1208 239 1460 339 suspectiora
1781 243 1821 332 eo

124 387 1825 451 W

771 529 848 571 ΛΝΝΟ
867 528 971 573 neuim
992 530 1176 573 nccccmxn

722 683 1220 847 BERNERUS

594 977 794 1086 iacis
841 976 1358 1088 uuuoiiuiuusis

761 1266 937 1359 aorisia
958 1267 1178 1359 pisaeum

590 1443 684 1515 (Apud
702 1443 877 1512 Fabricium,
894 1441 1073 1501 Bibliotheca
1087 1445 1164 1501 med.
1182 1445 1270 1501 elini.
1289 1446 1363 1517 Lat.)

151 1697 305 1763 Bcrnerus,
322 1714 355 1752 or
372 1699 515 1754 monacho
528 1700 558 1756 S.
576 1700 658 1756 Remi
681 1701 699 1756 'i
718 1702 874 1759 Rhemensi
891 1704 982 1761 abbas
993 1704 1225 1761 Humoluriensis
1237 1706 1266 1760 in
1282 1704 1477 1760 Vcrmanduis
1488 1703 1597 1772 Gallia,
1610 1703 1720 1761 ordinis
1731 1705 1761 1762 S·
1774 1705 1823 1765 Be·

115 1769 236 1835 nedicti,
252 1769 329 1824 circa
344 1786 455 1824 annum
469 1770 523 1825 bel
533 1772 590 1828 seri
613 1773 652 1827 sit
693 1774 763 1829 itam
775 1779 883 1830 sanctia
898 1776 1100 1849 Hunegundis,
1112 1777 1257 1833 defuncta
1273 1792 1350 1832 anno
1365 1777 1428 1844 050,
1439 1793 1505 1849 quai
1520 1776 1605 1832 obvia
1615 1777 1693 1850 apud
1704 1777 1824 1835 Surium

113 1840 289 1985 ξόἓυῇυόειί
304 1846 333 1895 et
346 1840 487 1898 sincerior
500 1845 578 1915 apud
626 1844 802 1902 ubillonium
817 1848 881 1902 Act.
894 1847 999 1904 Bened.
1014 1849 1085 1904 Saec.
1101 1865 1131 1916 ii,
1145 1863 1212 1920 pag.
1229 1848 1308 1916 1018,
1320 1864 1387 1903 cum
1402 1847 1526 1904 historia
1536 1847 1737 1905 translationis
1748 1849 1821 1905 Sacc.

498 2194 943 2327 nendum
987 2195 1434 2327 Anneius

323 2465 423 2592 DE
468 2464 658 2598 VITA
705 2462 1034 2599 SANCTAE
1080 2464 1615 2609 HUNEGUNDIS

707 2716 880 2780 vlbdlms
901 2719 1220 2783 fluhouffliuusls

383 2905 477 2977 (Apud
493 2903 602 2960 Mabilh
618 2905 691 2961 Acta
706 2905 880 2962 Sanctorum
895 2905 1007 2999 urdipis
1020 2907 1049 2963 S.
1067 2905 1225 2973 Benedicti,
1242 2906 1312 2963 Sacc.
1330 2921 1360 2972 11,
1378 2919 1443 2978 pag.
1462 2903 1553 2973 tole.)

734 3223 1005 3297 OBSERVATIO
1030 3220 1202 3295 PRAEVIA

152 3425 176 3480 Α
191 3440 249 3497 quo
264 3430 381 3481 auctore
397 3439 489 3550 pause
501 3427 630 3497 temporo
646 3425 754 3498 scripta
769 3426 807 3481 sit
822 3426 853 3481 B.
871 3425 1064 3509 hunegundis
1079 3424 1154 3492 Vita,
1172 3441 1229 3480 uon
1244 3424 1364 3480 omnino
1378 3427 1424 3479 cst
1432 3423 1625 3497 exploratum.
1641 3426 1665 3479 A
1679 3423 1822 3498 scriptore

117 3496 207 3551 subici
222 3495 280 3551 uali
295 3496 386 3552 fuisse
412 3494 505 3551 itteris
520 3496 754 3553 commendatam
770 3497 913 3570 suspicari
929 3496 995 3569 quis
1011 3501 1109 3569 posset
1119 3513 1153 3552 ox
1164 3494 1210 3551 his
1242 3495 1333 3571 rologi
1344 3493 1438 3551 verbis
1451 3512 1458 3551 :
1472 3517 1485 3546 a
1499 3492 1590 3568 Cujus
1605 3494 1821 3580 (hunegundis)

116 3514 271 3640 aggrelior
283 3568 347 3621 vitia
364 3570 573 3640 gestorumque
588 3584 681 3640 pauca
696 3567 870 3635 describere,
887 3571 973 3640 prout
987 3567 1116 3640 comperi
1131 3584 1148 3622 a
1163 3513 1299 3622 sideribus
1315 3567 1455 3622 enarrari.
1473 3589 1486 3616 υ
1503 3566 1612 3627 Verum
1627 3583 1660 3623 eo
1680 3562 1821 3651 loquendi

153 3654 221 3694 uere
236 3642 338 3693 auctor
347 3655 377 3693 se
385 3638 509 3693 aliorum
523 3638 662 3695 relatione
671 3655 723 3695 scu
734 3639 889 3695 traditione
901 3638 997 3711 potius
1010 3655 1099 3710 quam
1110 3638 1218 3711 scripto
1229 3638 1304 3694 hanc
1315 3637 1468 3694 historiam
1484 3637 1623 3694 didicisse
1629 3637 1701 3694 satis
1712 3638 1820 3695 innuit.

112 3709 293 3836 sffsffssum
309 3709 399 3836 misisti
414 3713 561 3836 atpctgran}
576 3709 814 3837 finieritffurius,
827 3710 878 3782 qui
888 3709 964 3792 hanc
974 3709 1070 3836 Vitarg
1080 3709 1155 3836 sigo
1166 3709 1291 3792 politiori
1303 3710 1417 3834 priilnus
1426 3708 1690 3837 edigiE-Atlicettiu
1701 3709 1821 3835 P{⁰1⁰g⁰

112 3868 145 3906 a
162 3797 581 3934 titldittmttplti
596 3797 1473 3934 ttttatitttdtttttdutilititdtdbtddd,
1490 3796 1650 3933 ,stiffi
1664 3796 1820 3923 biaut

112 3926 186 3977 Nam
201 3922 346 3978 Bcrnerus
361 3939 423 3994 ipse
438 3927 566 3978 exaravit
577 3924 608 3978 B.
621 3924 813 3996 llunegundis
824 3921 977 3979 historiam
989 3922 1200 3987 translationis,
1215 3939 1280 4004 quei
1291 3939 1320 3979 1n
1332 3922 1385 3977 cod
1395 3939 1452 3977 ms.
1465 3925 1634 3978 monasterii
1646 3920 1675 3977 S.
1690 3920 1820 3978 Theode-

112 3995 165 4048 rici
181 3994 332 4050 llemensis
348 3994 417 4049 huic
432 3992 503 4049 Vitae
518 3993 683 4066 subjicitur,
700 4011 762 4051 non
778 3994 918 4050 continua
928 3992 1012 4061 serie,
1027 3993 1070 4049 uti
1080 3994 1159 4076 apud
1169 3993 1300 4060 Surium,
1313 3993 1364 4050 sed
1374 3992 1552 4049 distinctaet
1561 3991 1710 4065 prolixiori
1721 4008 1819 4049 narra·

113 4065 203 4121 hone.
218 4065 300 4122 lianc
324 4066 354 4121 iu
369 4065 470 4122 eodem
485 4066 550 4123 cod.
566 4065 700 4138 sequitur
712 4068 832 4122 llistoria
845 4066 1004 4121 matutimis
1019 4065 1054 4120 ab
1069 4064 1125 4120 alio
1141 4068 1259 4121 auctore
1273 4063 1400 4132 condita,
1417 4064 1447 4118 in
1462 4080 1522 4136 qua
1536 4063 1694 4120 haeverba
1708 4063 1820 4121 dellen-

110 4153 182 4193 ncro
199 4153 206 4191 :
220 4157 234 4185 ιι
250 4136 340 4208 Cujus
350 4136 526 4193 inventionis
536 4153 649 4193 necnon
659 4142 688 4195 et
698 4137 899 4195 translationis
909 4135 1136 4209 descriptionem
1147 4135 1297 4208 simulque
1309 4134 1520 4193 miraculorum
1529 4134 1658 4209 iusignia
1667 4135 1738 4191 inibi
1748 4134 1819 4191 divi·

110 4206 191 4263 nitus
206 4205 352 4263 declarata
365 4206 529 4275 volentibus
538 4224 711 4291 agnoscere,
727 4207 805 4265 claro
819 4206 894 4283 stylo
907 4205 1112 4280 loculentoque
1127 4223 1261 4263 sermone
1282 4206 1397 4264 studuit
1410 4205 1582 4271 elucubrare
1595 4205 1650 4280 pia
1669 4205 1816 4281 memoriae

111 4279 238 4333 domnus
253 4279 344 4334 abbas
359 4279 513 4348 Bcrnerus,
529 4293 580 4352 qui
595 4279 653 4336 Deo
669 4278 850 4365 disponente,
863 4278 941 4352 prim
992 4277 1061 4333 huic
1071 4276 1334 4346 successitlooella,
1346 4276 1440 4351 pulsis
1450 4277 1487 4335 ob
1498 4277 1624 4334 obscena
1636 4277 1761 4334 carnalis
1771 4294 1819 4335 vo·

110 4349 232 4421 luptatis
246 4349 392 4405 lenocinia
405 4366 471 4422 quic
483 4347 526 4406 ibi
540 4354 624 4407 erant
643 4350 830 4408 monialibus.
847 4373 862 4400 »
878 4352 940 4416 Quo
985 4364 1062 4405 anno
1085 4350 1139 4405 948
1163 4348 1320 4423 contigisse
1336 4366 1390 4407 suo
1405 4348 1468 4405 loco
1492 4349 1635 4405 dicemus.
1652 4349 1703 4404 Est
1717 4354 1816 4405 nutem

110 4420 334 4503 Humolariense
361 4421 594 4504 monasterium,
631 4422 718 4505 vulgo
755 4422 945 4503 Huiablidrca,
984 4436 1074 4493 prope
1100 4437 1200 4503 muros
1227 4419 1666 4501 Augustie'lleromanduorum
1695 4420 1732 4475 ad
1761 4419 1816 4476 Su·

108 4490 1815 4644 dittbtdtt‘ttdtttttdttttleddiditthetidisltdtlbtdldttddltatitillatu:

108 4652 142 4690 sa
157 4651 217 4690 non
233 4633 349 4707 duplex,
365 4635 421 4700 sed¹
431 4649 492 4689 una
505 4635 666 4708 eademque
680 4635 843 4691 lucubratio
857 4634 920 4690 visa
933 4639 986 4692 est.
1002 4634 1076 4689 Hinc
1091 4634 1295 4709 corrigendum
1310 4635 1338 4691 id
1351 4635 1428 4709 qued
1445 4635 1474 4689 in
1492 4632 1658 4707 praelatione
1678 4630 1782 4689 Saeouh
1792 4647 1813 4703 1,

109 4707 219 4762 Bened.
234 4707 272 4761 de
286 4705 395 4778 duplici
409 4705 480 4762 Vitae
495 4706 526 4763 S.
543 4707 736 4780 llunegundis
751 4707 892 4780 scriptore
903 4705 1042 4762 diximus.

728 4969 958 5044 Publilio
984 4968 1191 5041 tutionis

145 5127 170 5180 l.
179 5125 609 5183 Beatorumacveneraudorum
619 5124 737 5181 Petrum
744 5122 935 5181 memoranda
948 5122 977 5187 Α
990 5120 1100 5194 Nempe
1115 5137 1149 5177 ex
1164 5122 1210 5177 his
1221 5137 1314 5195 genus
1324 5117 1450 5175 victuriae
1464 5117 1573 5175 exstitit
1582 5119 1743 5193 egregium,
1755 5135 1813 5194 quo

109 5213 277 5286 descriptio,
294 5213 343 5285 qui
359 5214 493 5271 membra
511 5217 541 5269 et
555 5213 698 5270 versutias
722 5213 818 5269 callidi
843 5211 936 5268 hostis
990 5208 1125 5266 diabolus
1139 5227 1207 5266 cum
1223 5209 1285 5265 suis
1295 5207 1386 5264 arinis
1396 5224 1482 5263 amne
1497 5207 1625 5280 perdidit
1637 5208 1812 5277 dominium,

108 5301 275 5373 evangelico
291 5301 477 5374 perculerunt
488 5301 596 5376 gladio,
612 5300 779 5359 interiorem
803 5305 936 5359 nostrum
990 5302 1020 5356 et
1030 5298 1164 5371 perquod
1177 5296 1264 5370 primi
1275 5295 1813 5370 parentesvitoescnseredispendium,

109 5390 261 5447 homiuem
272 5390 369 5447 divino
383 5391 487 5464 perdat
500 5389 628 5462 alloquio
645 5405 652 5445 ε
675 5406 729 5447 nec
743 5388 842 5447 minus
857 5392 937 5446 exte-
992 5387 1082 5460 perid
1093 5385 1482 5460 rursusinaugmeutumsui
1492 5384 1815 5459 supernumdilatatun

110 5479 219 5537 riurein
228 5482 258 5535 et
271 5479 490 5553 corruptibilem
501 5484 636 5539 nostruin
645 5479 727 5554 gravi
737 5478 873 5537 auectam
883 5477 939 5535 elo-
992 5474 1614 5549 estimperium.ldedemergonaturaque
1622 5472 1683 5531 viro
1692 5478 1814 5547 gustum

109 5570 161 5644 gie
176 5572 309 5627 materna
330 5585 364 5627 ac
377 5567 529 5643 iiiigiualis
547 5567 662 5645 ,inclyte
675 5570 788 5647 iugarat
811 5566 937 5625 collatio.
993 5563 1073 5621 necis
1087 5562 1203 5635 obtulit,
1217 5563 1377 5643 etampes
1400 5566 1516 5622 senous
1532 5560 1658 5637 virgines
1677 5563 1816 5623 omnihus
