3900 6090
114 305 176 376 467

117 528 235 595 liceret;
252 527 381 583 defuncti
398 525 441 598 (ut
454 523 549 580 verbis
573 528 639 578 utar
662 521 752 590 illius)
768 520 891 576 cadaver
906 519 942 575 ad

119 620 222 675 urbem
238 631 337 671 secum
353 613 582 670 transveherent
593 611 666 667 Nam
677 612 706 665 in
718 611 846 683 (quodam
855 607 944 664 eecle-

119 708 169 764 siae
184 702 360 778 patrimonio
375 702 475 774 procul
492 701 529 756 ab
541 700 611 756 urbe
622 698 839 770 distante,quod
852 697 945 752 Caldi-

118 800 188 851 tuoe
204 793 252 863 [et.
269 789 466 859 Caldintune.l
482 793 611 855 vocatur,
628 789 705 843 idem
724 788 807 842 Pater
825 802 943 841 venera-

118 882 185 939 bilis
200 879 370 953 agrotabat.
386 878 514 933 Veniunt
532 878 629 949 itaque
640 876 680 932 illi
693 877 728 931 ad
743 876 857 941 loeun1;
869 874 945 929 inve-

118 970 204 1026 niunt
213 967 313 1024 omnia
323 966 460 1038 lacrymis
472 966 590 1037 repleta,
601 966 716 1037 plorant
726 981 793 1019 curn
806 961 944 1035 ploranti·

119 1061 186 1126 bus,
199 1056 332 1113 nolentes
347 1054 497 1111 hominem
509 1059 602 1110 morte
613 1055 711 1109 videre
722 1053 944 1119 finiendum,eui

120 1145 249 1203 similem
266 1149 332 1217 post
341 1143 403 1199 hac
411 1142 541 1199 sciebant
550 1158 606 1198 non
617 1158 681 1198 esse
690 1141 946 1196 inveniendumdt

121 1235 179 1305 ille,
197 1233 256 1288 sive
271 1249 340 1288 suas
352 1232 514 1305 angustias,
523 1232 583 1287 sive
592 1230 718 1286 filiorum
729 1246 851 1286 suorum
862 1230 944 1285 mise·

121 1323 181 1379 rias
197 1335 254 1376 non
271 1321 367 1376 serens
382 1320 562 1390 (sicutenim
579 1323 672 1375 mater
695 1319 815 1373 unicum
840 1317 944 1385 filium,

122 1411 163 1466 ita
178 1407 311 1481 singulos
326 1425 380 1464 nos
395 1408 481 1463 unice
495 1407 656 1480 diligebat),
676 1408 819 1462 convertit
842 1406 946 1462 sociem

122 1514 207 1556 suam
222 1497 259 1553 ad
275 1495 562 1570 parietem,divinam
574 1497 692 1568 quantis
703 1495 947 1568 possetsuspiriis

121 1585 306 1645 elementiam
319 1586 540 1657 deprecaturus.
548 1584 707 1641 Confestim
718 1586 816 1640 autem
828 1599 947 1639 sursum

121 1679 233 1748 raptus,
246 1673 364 1729 videbat
374 1671 459 1746 quasi
470 1671 628 1729 exereitum
639 1672 769 1728 virorum
781 1671 947 1728 candidato·

121 1780 198 1831 rum,
208 1760 344 1818 lucifluas
356 1760 480 1819 sicutsol
488 1759 948 1833 lacteshabentium,albosequos

122 1870 191 1910 cum
206 1849 335 1925 phaleris
351 1849 448 1905 aureis
456 1853 588 1921 comptos
598 1849 800 1918 insidentium,
810 1853 838 1905 ot
848 1849 951 1905 libera-

123 1941 167 1998 les
177 1938 533 2014 jocosjocundaquadam
544 1937 687 1993 suavitate
695 1939 731 1993 ad
740 1938 864 1995 invicem
874 1937 952 1994 exhi-

123 2029 268 2088 bentium.
283 2030 361 2096 Quos
375 2026 423 2082 ille
439 2031 650 2098 praetereuntes
669 2026 843 2083 laetabundis
859 2025 951 2082 oeulis

124 2120 254 2186 intuens,
264 2115 469 2172 sciscitabatur
480 2115 637 2186 cujusnam
647 2114 704 2171 ista
714 2115 852 2189 profectio
863 2120 950 2172 esset.

123 2208 242 2265 Dictum
259 2190 418 2261 autem'cst
430 2203 507 2259 banc
522 2203 623 2260 domni
634 2204 779 2261 Dunstani
790 2204 950 2274 esse,illum

123 2313 191 2353 vcro
207 2312 265 2351 non
279 2293 366 2367 longe
377 2293 490 2349 abesse.
499 2293 693 2364 Exspectabat
704 2293 803 2365 itaque
815 2294 952 2349 Lanlran·

125 2402 178 2442 cus
193 2383 348 2456 explorans
364 2381 547 2455 singulorum
562 2382 780 2438 transeuntium
791 2382 952 2450 vultus,eu·

72 2489 76 2501 ·
125 2475 209 2547 piens
220 2471 303 2528 illum
315 2469 492 2544 praescieris
502 2487 759 2544 agnoscere,aquo
770 2471 951 2544 precatoris

125 2561 255 2620 remedia
268 2560 405 2633 sperabat
418 2558 523 2616 salutis
538 2560 686 2631 accipere;
703 2565 732 2616 et
742 2576 807 2616 ecce
819 2558 951 2616 beatissi-

126 2668 194 2708 mus
203 2647 681 2706 PaterDunstanusvencrabilium
693 2648 841 2704 seniorum
850 2648 951 2705 cuneis

124 2736 694 2812 hineindestipatusveniebat,similem
704 2737 951 2810 peremniaccete-

125 2829 166 2886 ris
177 2827 312 2885 habitum
321 2843 434 2901 gerens,
444 2826 501 2883 nisi
510 2826 587 2900 quod
596 2827 632 2882 ab
641 2826 809 2882 humerisct
819 2842 948 2895 sursum,

125 2917 230 2973 celsior
245 2914 359 2972 cunctis
374 2915 531 2971 eminebat.
547 2915 579 2971 ln
595 2916 681 2987 cujus
705 2931 860 2971 occursum
876 2916 950 2971 Lan·

125 3006 244 3062 francus
259 3003 412 3060 humiliter
421 3002 619 3076 progrediens,
625 3004 813 3077 jungensque
825 3021 855 3060 se
866 3005 902 3059 ad
912 3003 953 3059 la·

125 3090 951 3165 tusequitantis,illiusamplexetusestpedemsimulcum

611 300 643 364 S.
667 293 899 364 DUNSTANUS
921 293 1104 357 caculae.
1128 295 1326 358 cantuae.

117 437 254 509 sentiam,
271 440 416 511 quatenus
432 432 457 492 si
474 434 503 491 in
518 450 636 506 corpore
651 430 762 489 diutius
777 430 870 487 vivere
882 447 939 486 non
954 428 983 496 Α

1764 285 1822 350 tce

1238 456 1270 510 Et
1285 456 1313 510 in
1327 452 1420 510 narro
1435 449 1581 524 repellent.

1035 555 1078 609 19.
1095 554 1219 620 Quidam
1244 552 1413 625 capellanus
1438 550 1588 623 presbyter
1611 546 1824 621 archiepiscopi

999 645 1069 700 adeo
1085 642 1164 717 gravi
1180 641 1305 697 febrium
1322 640 1472 695 vexatione
1497 656 1549 710 por
1572 641 1691 694 octonos
1707 653 1825 692 menses

999 723 1825 800 cruciatussuerat,uteonsumptiscarnibusvixinfirmis

999 821 1115 877 ossibus
1131 819 1214 892 pellis
1230 819 1359 874 haereret.
1372 819 1423 873 Hie
1439 834 1472 872 eo
1487 818 1635 871 momento
1647 831 1705 888 quo
1716 813 1825 870 arehie-

1000 911 1136 983 piscopus
1148 909 1246 964 salvus
1258 908 1378 962 allectus
1390 909 1443 975 est,
1453 908 1582 979 optatam
1593 903 1676 959 allec
1686 902 1824 968 salutem,

1000 1001 1028 1054 et
1043 999 1104 1071 ipse
1120 1000 1295 1053 consecutus
1310 999 1363 1061 est,
1377 998 1405 1049 et
1419 1009 1505 1049 mane
1521 993 1557 1048 ad
1570 991 1825 1065 archiepiscopum

999 1088 1184 1143 laetabundus
1194 1085 1360 1158 ingrediens
1373 1082 1525 1152 (didicerat
1536 1080 1753 1154 namqueillum
1761 1097 1827 1136 con·

999 1177 1147 1245 valuisse),
1166 1175 1332 1248 requirebat
1353 1173 1474 1228 modum
1499 1175 1618 1243 recepte
1635 1168 1781 1237 sanitatis,
1797 1173 1827 1226 et

1001 1265 1147 1321 audiebat.
1165 1265 1294 1337 Rogatus
1321 1262 1409 1318 etiarn
1433 1261 1507 1333 ipse,
1522 1261 1555 1314 ut
1574 1255 1826 1330 quemadmodum

1001 1369 1064 1409 sese
1079 1354 1200 1409 haberet
1218 1352 1353 1408 ediceret.
1371 1349 1468 1417 Plane,
1486 1347 1592 1419 inquit,
1608 1345 1719 1419 optime
1732 1343 1826 1413 valeo,

1001 1442 1140 1516 quoniam
1152 1441 1178 1497 is
1195 1441 1243 1513 qui
1258 1445 1285 1495 te
1301 1437 1330 1494 in
1346 1437 1449 1494 mortis
1464 1435 1592 1508 periculo
1605 1434 1773 1490 miserando
1786 1450 1829 1490 re-

1001 1531 1104 1603 spexit,
1122 1530 1194 1586 mihi
1209 1545 1325 1602 quoque
1337 1527 1373 1582 ob
1385 1525 1510 1600 gratiam
1520 1524 1564 1579 tui
1576 1523 1606 1578 in
1617 1523 1672 1579 hac
1684 1525 1769 1580 noete
1779 1539 1828 1580 sa·

1002 1619 1092 1676 tutem
1105 1619 1239 1675 conferre
1255 1616 1393 1690 dignatus
1417 1617 1470 1671 est.
1488 1613 1626 1669 tacebam
1651 1627 1780 1684 namque
1796 1610 1828 1667 in

1002 1712 1095 1764 stratu
1107 1723 1182 1776 meo,
1191 1706 1268 1779 quod
1279 1704 1394 1778 ligneus
1403 1701 1713 1759 solummodoastratu
1721 1701 1831 1773 tuopa·

963 1796 1060 1865 B‘ries
1075 1795 1196 1864 dirimit,
1208 1795 1401 1865 videbamque
1411 1791 1441 1847 in
1451 1791 1563 1847 visione
1574 1788 1693 1845 beatum
1706 1788 1832 1845 Dunsta·

1004 1877 1827 1951 numsolcmnesinecclesiaSalvatorismissasagentem,

1005 1972 1161 2047 mequeilli
1171 1973 1200 2028 in
1218 1970 1381 2028 ministerio
1397 1968 1629 2025 subdiaconatus
1641 1965 1827 2024 servientem.

1004 2065 1136 2136 Cumque
1151 2061 1278 2135 perlecta
1292 2078 1309 2116 a
1323 2076 1370 2114 me
1386 2058 1490 2114 luisset
1504 2054 1638 2129 epistola,
1650 2055 1687 2111 ad
1699 2054 1789 2128 pedes
1799 2052 1833 2110 il-

1005 2153 1062 2208 lius
1078 2169 1112 2207 ex
1127 2166 1207 2206 more
1222 2148 1435 2205 deosculandos
1459 2144 1579 2213 accessi,
1595 2141 1832 2199 benedictionem

1006 2242 1085 2314 petii,
1094 2241 1167 2295 etita
1175 2256 1241 2295 cum
1251 2239 1315 2309 ejus
1326 2234 1528 2292 benedictione
1536 2232 1675 2288 recedens
1683 2229 1831 2288 convalui.

1004 2329 1134 2384 Audiens
1148 2327 1209 2382 hec
1223 2323 1396 2381 venerabilis
1413 2323 1498 2378 Pater
1523 2321 1715 2388 Lansraneus,
1731 2333 1831 2376 erum·

1006 2435 1077 2490 pens
1094 2417 1123 2472 in
1141 2415 1282 2490 gaudium
1293 2414 1336 2469 sie
1347 2412 1388 2469 ait
1405 2428 1410 2467 :
1429 2412 1490 2467 Non
1503 2409 1599 2482 potuit
1610 2408 1773 2482 quidquam
1785 2406 1835 2465 iu·

1006 2505 1154 2562 firmitatis
1169 2504 1199 2558 in
1214 2503 1277 2558 loco
1294 2517 1455 2566 remancre,
1465 2514 1553 2572 quem
1568 2502 1689 2554 sanctus
1699 2496 1752 2555 Dei
1763 2493 1834 2554 visi·

1005 2594 1126 2650 tationis
1142 2609 1201 2649 sue
1218 2591 1313 2666 gratia
1328 2589 1468 2662 dignatus
1483 2592 1528 2644 est
1543 2586 1700 2642 illustrare.

1101 2709 1227 2765 Catenato
1241 2705 1307 2763 aedi
1320 2705 1412 2763 solati.
1430 2705 1540 2759 Factum
1553 2701 1734 2758 casuarium.

1040 2811 1085 2886 20.
1102 2808 1142 2863 lla
1157 2822 1272 2879 quoquc
1287 2806 1462 2875 tempestate
1472 2802 1535 2856 dua
1548 2799 1681 2872 quodam
1692 2814 1739 2854 res
1750 2797 1830 2871 apud

1007 2914 1059 2953 nos
1074 2897 1269 2969 contigerunt,
1287 2909 1361 2965 quas
1376 2908 1433 2947 non
1449 2889 1544 2962 magis
1565 2889 1649 2945 beate
1665 2886 1832 2957 Dunsttnc,

1006 3002 1095 3060 quarn
1111 2984 1223 3040 ceteris
1239 2983 1346 3038 ibidem
1363 2978 1584 3053 quiescentibus
1600 2975 1712 3034 sanctis
1735 2975 1832 3033 ascri·

1006 3076 1118 3132 bendas
1133 3074 1312 3147 putavimus.
1325 3073 1366 3127 llx
1380 3073 1522 3143 precepto
1537 3067 1683 3141 siquidem
1695 3066 1835 3140 mecca·

126 3179 303 3248 aseenserio,
320 3179 367 3235 eui
382 3178 540 3251 videbatur,
554 3178 651 3249 inniti,
667 3184 755 3251 atque
769 3180 806 3236 ad
822 3198 853 3238 se
868 3198 951 3237 oscu·
967 3169 990 3236 C
1008 3165 1049 3220 Sis
1064 3161 1192 3236 0Pi⁸0⁰l³i
1204 3161 1326 3235 qnidam
1335 3159 1380 3214 Vll
1389 3158 1419 3214 in
1430 3155 1548 3213 Viflsslllfl
1557 3155 1708 3227 ⁰⁰11l0⁰i¹¹⁸
1723 3152 1832 3225 sumt·

125 3267 205 3326 laudi
219 3267 313 3343 gratia
326 3267 441 3324 trabere
451 3270 573 3323 conatus
583 3270 676 3324 estdt
686 3268 856 3327 Dunstanus
868 3269 952 3342 quasi

128 3359 164 3414 ad
181 3358 290 3413 factum
304 3372 508 3429 expavescens,
517 3356 576 3412 sive
588 3357 749 3415 Lanlranco
760 3356 881 3415 honoris
890 3375 954 3433 gra-

126 3446 199 3504 tiam
215 3445 371 3518 exhibens,
387 3443 544 3502 constricto
559 3462 635 3520 mnu
650 3451 773 3519 utraque
797 3463 887 3503 manu
902 3465 952 3521 pe·

126 3537 195 3615 dem
210 3535 246 3591 ad
260 3550 291 3590 so
306 3533 461 3591 videbatur
476 3534 632 3591 retrahere.
650 3535 682 3591 ln
695 3536 750 3593 hac
763 3538 848 3592 beata
860 3540 952 3593 certa·

126 3623 216 3681 minis
231 3623 310 3679 lucta
326 3623 507 3679 Lanlrencus
517 3622 591 3679 adid
601 3624 679 3695 quod
689 3625 952 3694 lueratredit‚etita

126 3711 392 3785 sesanamreperit‚
402 3711 554 3767 utnullum
564 3712 746 3769 infirmitatis
756 3713 951 3787 vestigiumin

124 3803 185 3858 toto
195 3817 315 3875 corpore
324 3800 705 3874 remansissetbgititaque
713 3802 822 3876 gratias
832 3802 952 3870 Deo,cu·

120 3889 950 3963 jusdonoctllunstanumvidcrc,etcupitamsalutemillo

123 3978 221 4051 potuit
234 3978 362 4034 donante
377 3979 536 4051 suscipere.
552 3978 671 4034 Vocatis
686 3995 754 4052 crgo
766 3978 812 4035 his
822 3979 873 4051 qui
884 3997 948 4053 pro-

124 4066 191 4140 pius
208 4068 430 4135 accumbebant,
448 4071 547 4123 narrat
561 4084 595 4122 ex
617 4067 718 4123 ordine
743 4086 806 4140 qum
827 4067 947 4138 viderat,

124 4154 215 4211 simul
237 4171 268 4210 se
292 4154 474 4211 convaluisse
503 4160 658 4211 asseverat.
679 4154 739 4212 lllis
763 4173 829 4212 vero
852 4157 949 4212 existi·

123 4243 274 4302 mantibus
290 4245 368 4316 quod
383 4243 511 4300 alienata
526 4249 623 4301 mente
638 4245 824 4317 loqueretur:
838 4246 948 4320 Prepa·

124 4336 215 4401 retur,
229 4333 336 4405 inquit,
354 4332 426 4388 mihi
445 4334 553 4401 altare;
570 4333 705 4389 videbitis
720 4350 848 4406 namque
865 4335 948 4391 illum

123 4422 300 4478 sacrilleium
310 4422 367 4478 Deo
379 4423 559 4492 offerentem,
568 4439 653 4494 quem
663 4421 748 4495 paulo
759 4427 826 4479 ante
836 4424 950 4481 videba-

122 4511 163 4567 tis
176 4510 223 4567 vix
238 4510 316 4567 labia
330 4515 506 4567 moventem.
519 4511 627 4566 Deinde
651 4511 752 4566 accitis
778 4512 828 4584 qui
855 4530 948 4587 nuper

123 4600 300 4656 advenerant
316 4599 491 4656 senioribus.
508 4599 559 4654 Hic
573 4599 646 4669 dics,
657 4600 707 4665 eit,
717 4601 772 4655 erit
785 4601 866 4656 vobis
879 4604 945 4658 boni

123 4688 220 4744 nuntii
236 4689 309 4744 dies.
321 4688 480 4744 Dominum
495 4692 524 4743 et
538 4688 653 4745 Patrem
668 4694 802 4745 nostrum
818 4691 947 4748 Dunsta·

122 4794 194 4834 num
212 4777 260 4833 hic
276 4778 378 4846 luisse,
395 4782 424 4833 et
439 4794 486 4834 mc
501 4778 537 4833 ab
561 4777 641 4833 omni
663 4777 792 4850 corporis
814 4780 950 4838 molestia

122 4883 245 4923 sanasse
271 4867 384 4923 scitote.
407 4866 605 4938 Regredimini
628 4883 696 4940 ergo
722 4867 757 4923 ad
784 4867 948 4939 eeclesiam,

122 4960 222 5027 portas
238 4955 302 5028 ejus
318 4973 473 5028 supervos
489 4956 632 5023 obserate,
650 4958 685 5012 ad
702 4956 873 5013 memoriam
887 4976 951 5014 san-

123 5045 162 5100 eti
187 5044 324 5113 accedite,
349 5062 446 5118 genua
470 5044 586 5113 flectite,
604 5062 638 5101 ac
663 5064 714 5117 pro
740 5045 853 5102 reddita
877 5048 950 5102 milri

125 5132 251 5189 sanitate
265 5133 369 5189 uberes
383 5134 493 5207 gratias
510 5134 623 5189 relerte.
637 5133 708 5190 Nolo
724 5133 831 5190 etenim
842 5153 951 5208 perine

123 5219 222 5293 ipsum
238 5223 324 5277 modo
339 5222 447 5289 venire,
466 5240 501 5277 ne
514 5223 682 5279 existiment
697 5239 744 5278 me
754 5223 888 5280 homines
899 5224 950 5280 ali-

126 5309 285 5381 quidesse,
302 5328 385 5382 quasi
401 5310 451 5382 qui
468 5311 612 5382 potuerim
628 5312 678 5368 Dei
702 5318 818 5369 sanctos
841 5313 948 5369 videre.

128 5397 454 5471 Faciuntilliimperata,
464 5416 662 5472 magnumque
670 5401 950 5459 fratribusdcmortc

128 5484 221 5543 Patris
236 5489 381 5561 suspectis
394 5487 535 5562 gaudium
551 5493 699 5560 praestant.

1007 3257 1160 3326 propterea
1174 3251 1251 3324 quod
1266 3265 1383 3306 cervum
1399 3246 1429 3302 in
1446 3246 1518 3302 silva
1534 3242 1777 3301 illiusacenibus
1787 3241 1834 3299 in·

1007 3343 1156 3411 scitatum,
1166 3339 1492 3412 seseque-inoceursum
1501 3334 1566 3405 ejus
1574 3331 1755 3406 precipitem
1762 3331 1836 3389 den·

1007 3435 1077 3499 tem,
1094 3430 1203 3484 emissa
1219 3427 1327 3501 sagitta
1342 3425 1507 3482 occidisset.
1520 3421 1645 3477 Habitus
1653 3435 1722 3492 orgo
1730 3419 1761 3476 in
1772 3419 1835 3476 vin-

1006 3518 1081 3575 eulis
1092 3519 1121 3574 in
1133 3518 1248 3573 civitate
1259 3514 1425 3581 Cantuaria,
1435 3512 1539 3568 dicbus
1550 3527 1584 3566 ae
1594 3506 1835 3567 noctibusecelc-

1007 3608 1081 3664 siam
1096 3608 1292 3679 frequentare,
1308 3604 1453 3676 lacrymas
1469 3619 1520 3674 pro
1536 3598 1662 3673 peccatis
1682 3597 1835 3657 effundere

1007 3696 1079 3767 suis,
1087 3710 1286 3768 magnumque
1295 3691 1395 3766 populi
1406 3692 1543 3746 allectum
1554 3706 1587 3744 ex
1598 3686 1696 3743 souitu
1708 3685 1833 3743 strideo·

1006 3785 1081 3840 tium
1096 3789 1265 3841 catenarum
1281 3783 1358 3838 circe
1372 3797 1403 3837 se
1419 3779 1554 3837 excitare.
1568 3776 1700 3849 Cumque
1714 3774 1770 3832 hcc
1780 3791 1834 3849 pst

1006 3874 1079 3928 duos
1097 3871 1404 3943 annosindesincnter
1419 3868 1545 3935 lecisset,
1563 3864 1690 3937 quadam
1701 3862 1832 3932 die,cum

1006 3966 1072 4018 ante
1098 3961 1188 4017 altare
1213 3959 1369 4016 [lominica
1394 3956 1490 4013 crucis
1521 3957 1685 4027 prostratus
1705 3952 1831 4026 jaceret,

1005 4051 1172 4106 videntibus
1179 4041 1832 4120 eunctisquicircumstabantcutenaedirupto
1847 4086 1855 4106 ,

1006 4143 1083 4209 sunt,
1101 4138 1173 4195 bola
1191 4140 1220 4194 in
1236 4143 1363 4210 quatuor
1378 4139 1476 4208 partes
1496 4131 1693 4200 comminutas,
1711 4128 1785 4188 clavi
1801 4130 1833 4189 ἰι

1006 4229 1136 4285 minutas
1147 4231 1244 4301 partes
1260 4225 1411 4282 contracti.
1429 4224 1494 4295 lpse
1508 4238 1576 4278 vero
1595 4219 1666 4293 quid
1682 4219 1720 4276 de
1734 4235 1769 4276 oc
1785 4219 1832 4277 dt·

1004 4317 1113 4373 vinitas
1125 4317 1266 4390 agebatur
1275 4315 1392 4388 penitus
1402 4311 1566 4386 ignorabat.
1575 4310 1720 4382 Surgente
1729 4311 1831 4365 autem

1005 4405 1054 4462 illo
1070 4406 1105 4462 ab
1121 4391 1262 4473 oratione,
1274 4395 1831 4469 aeeideruntvinculadepedibussuis3

1006 4512 1069 4567 que
1085 4493 1190 4550 tollens
1205 4492 1233 4547 in
1252 4491 1388 4548 manibus
1405 4491 1479 4558 suis,
1495 4504 1546 4561 per
1561 4484 1690 4542 medium
1702 4485 1831 4543 fratrum

1001 4585 1231 4655 omnipotentem
1247 4581 1395 4637 Christum
1412 4596 1464 4652 pro
1485 4575 1627 4633 miraculo
1642 4573 1833 4631 laudantium

1003 4672 1138 4746 porrexit,
1155 4688 1246 4744 eaque
1261 4687 1351 4743 super
1365 4669 1455 4725 altare
1471 4667 1569 4724 Cbrist
1578 4661 1686 4738 posuit,
1703 4662 1832 4721 offerens

1004 4762 1062 4818 Deo
1078 4777 1130 4834 pre
1145 4777 1266 4816 munere
1281 4760 1359 4832 quod
1376 4758 1430 4815 sibi
1458 4758 1552 4814 fuerat
1578 4771 1629 4827 pro
1649 4768 1747 4809 onere.
1764 4751 1834 4809 Post

1005 4866 1114 4922 paucos
1129 4849 1208 4917 dies,
1218 4849 1288 4903 dum
1304 4864 1365 4904 rem
1381 4846 1468 4902 islam
1485 4844 1667 4902 Lanfrancus
1685 4839 1831 4913 archiepi-

1005 4956 1112 5012 scopus
1123 4936 1239 4994 cuidam
1249 4935 1418 5009 propotenti
1428 4935 1489 4990 viro
1500 4935 1658 4999 narrasset,
1666 4926 1834 4985 illevicaria

1006 5029 1155 5094 relatione,
1172 5029 1206 5083 Et
1221 5043 1284 5099 ego,
1302 5025 1408 5098 iuquit,
1425 5024 1483 5081 tale
1497 5021 1607 5095 aliquid
1623 5022 1725 5075 vestre
1736 5014 1832 5073 excel-

1006 5118 1100 5174 lentiae
1113 5115 1330 5180 narrarcvaleo,
1340 5114 1417 5186 quod
1427 5131 1484 5169 non
1494 5108 1616 5168 minoris
1625 5104 1833 5163 admirationis

1006 5208 1083 5280 apud
1099 5211 1127 5261 te
1141 5206 1200 5259 lere
1216 5204 1360 5260 existimo.
1376 5202 1493 5258 Tertius
1508 5213 1635 5270 namquo
1651 5195 1714 5250 dies
1725 5197 1770 5250 cst
1780 5193 1833 5250 ho·

1005 5297 1062 5361 die,
1080 5312 1113 5349 ex
1129 5309 1186 5365 quo
1202 5293 1328 5348 sedecim
1349 5309 1436 5347 naves
1462 5290 1624 5362 piratarum
1649 5281 1833 5339 validissimo

1004 5388 1090 5440 vento
1106 5387 1186 5448 actm,
1203 5383 1239 5437 ad
1257 5383 1350 5454 ripam
1367 5381 1457 5436 maris
1469 5379 1662 5450 suntjactatae
1675 5389 1681 5428 :
1694 5371 1834 5428 homines

1006 5477 1104 5529 autern
1122 5471 1171 5543 qui
1197 5471 1276 5526 intus
1302 5471 1426 5538 lucrant,
1443 5468 1550 5542 partim
1575 5462 1665 5520 maris
1690 5459 1832 5516 lluetibus

1006 5568 1075 5618 sunt
1090 5560 1233 5628 immersi,
1250 5559 1356 5632 partim
1368 5577 1384 5615 a
1394 5559 1482 5632 regiis
1498 5554 1683 5614 exactoribus
1698 5563 1831 5624 compre·
