3908 6082
126 216 183 280 Μ
561 215 723 279 JOANNIS
744 213 909 276 asanais
932 212 964 275 S.
989 212 1161 276 annotat
1182 211 1391 277 METENSIS.
1769 214 1829 278 288

123 357 174 411 tur
187 352 311 428 caperet,
327 365 541 423 squequaque
560 347 695 406 similiter
716 347 793 404 ultra
817 345 947 403 medium
962 344 990 413 Α
1004 346 1150 404 seculares
1160 346 1357 404 arbitrosesse
1367 346 1688 420 cavebatouamquam
1700 347 1830 421 igituret

124 460 340 516 mensuraeque
349 439 488 498 fratribus
496 438 652 512 apponitur
660 436 778 506 viui,vix
788 436 945 509 quicquam
1001 434 1125 492 aliorum
1141 440 1306 508 temporum
1322 440 1401 492 certa
1411 435 1535 509 Jejunia,
1552 441 1603 493 aut
1618 441 1746 511 quatuor
1759 439 1829 496 anni

125 533 262 592 adiceret.
279 530 365 599 Salis,
382 530 539 587 herbarum
562 526 729 593 virentium,
747 529 798 582 aut
821 524 946 598 alicujus
1000 524 1449 598 temporumetsolempnitatum
1462 525 1587 600 sparsim
1600 543 1652 600 per
1661 544 1829 586 annumer-

124 623 239 690 talium,
256 638 320 694 quae
337 616 552 676 abstinentibus
568 634 625 673 non
639 613 946 688 interdicunturquic·
1001 614 1196 670 dine'suo*¹⁶¹⁷
1210 615 1388 684 occurentia,
1407 618 1535 682 strenue,
1553 616 1578 672 si
1594 620 1712 673 tautum
1727 634 1829 675 secum

123 730 211 785 quam
228 711 345 785 penitus
361 725 413 763 neo
429 706 608 780 adtingebat.
625 705 683 762 Hoc
699 709 727 761 et
741 704 804 777 ipse
818 705 946 760 domnus
1001 719 1047 760 res
1062 703 1087 760 ei
1104 704 1444 777 cssetperegerit-nam
1460 705 1514 762 etsi
1525 707 1588 742 '¹⁶¹⁸
1598 706 1697 781 glorio
1712 725 1831 783 semper

123 801 272 868 Eiuoldus,
289 801 360 855 dum
375 799 438 871 ipse
454 814 485 854 se
501 796 600 869 ipsum
624 794 813 867 experiretur,
828 791 945 849 interim
1002 792 1139 865 fugitans,
1150 792 1254 849 itincre
1264 792 1307 850 vel
1320 793 1435 867 bospite
1446 811 1514 868 sepe
1525 795 1716 863 resolvithaee
1728 802 1828 856 tamon

122 885 698 967 permisitPostaliquoddeindetempus
709 898 774 937 cum
784 897 851 937 eum
862 881 946 937 valde
1000 883 1125 938 duarum
1142 882 1171 937 in
1188 900 1264 939 auno
1281 883 1575 957 quadragesimarum
1589 890 1656 942 vota
1671 887 1731 943 fere
1746 904 1830 944 num·

122 980 299 1056 perspiceret
322 976 475 1041 deiecisse,
493 991 545 1029 neo
569 978 666 1029 tamen
681 989 697 1027 a
712 973 806 1043 emptio
831 986 945 1027 cessare
1000 989 1089 1044 quam
1112 970 1252 1044 preteriit
1267 1004 1311 1039 -,
1330 971 1443 1045 reliquo
1465 973 1532 1029 anni
1558 977 1701 1048 tempore,
1717 980 1828 1050 quanto

123 1071 173 1128 sed
189 1069 266 1125 ultra
284 1067 359 1123 vires
382 1064 565 1130 contendere,
583 1062 731 1117 moderate
754 1059 943 1132 compescuit,
1000 1060 1110 1117 seilicet
1125 1061 1247 1117 fratrum
1264 1061 1334 1117 bina
1349 1061 1467 1118 reiectio
1479 1064 1619 1133 tenditur,
1631 1066 1829 1124 communiter

122 1163 150 1216 et
166 1163 197 1214 ul
212 1157 306 1230 magis
321 1155 398 1228 quod
414 1154 488 1209 serre
510 1155 608 1225 posset
631 1149 749 1224 eligeret
773 1148 895 1204 monuit.
913 1148 944 1203 ln
999 1149 1062 1206 sine
1077 1148 1177 1222 aliqua
1192 1150 1356 1222 adjectione
1370 1150 1412 1206 vel
1430 1151 1597 1209 diversitate
1616 1152 1754 1210 convixit.

121 1253 237 1305 tantum
252 1244 449 1317 namquejam
461 1258 524 1298 sese
534 1239 749 1306 contemnebat
760 1237 806 1294 die
817 1237 944 1309 quadam
1034 1239 1078 1293 aa.
1092 1239 1236 1312 cyborum
1252 1238 1392 1311 quicquid
1405 1240 1574 1312 parabatur,
1587 1241 1698 1299 „upum
1716 1243 1828 1303 facim

121 1353 188 1394 cum
205 1334 344 1391 iratribus
359 1334 502 1390 adortum
514 1320 819 1404 egressusdumoperi
831 1326 945 1382 enixius
999 1327 1205 1397 differentiam,
1222 1344 1275 1383 nee
1290 1327 1393 1384 viliora
1408 1328 1463 1384 sibi
1477 1330 1685 1397 allectansnec
1700 1332 1828 1391 lautiora

121 1423 264 1492 incubuit,
276 1422 362 1479 corde
378 1423 494 1494 repento
509 1415 805 1487 deficienscitinsque
816 1416 944 1472 elaustro
999 1418 1174 1473 detrectans.
1191 1417 1328 1485 Qualitati
1346 1417 1497 1486 coctionis,
1514 1434 1573 1491 qua
1592 1418 1704 1478 ceteris
1720 1421 1827 1479 minis.

121 1533 151 1572 se
167 1513 309 1571 festinans
333 1511 470 1583 recipere,
487 1509 516 1564 in
541 1506 638 1563 media
658 1506 704 1562 via
729 1505 885 1580 prolapsus
905 1504 944 1561 sit
998 1511 1108 1562 tratum
1122 1511 1176 1574 est,
1194 1507 1299 1563 usibus
1315 1506 1378 1563 suis
1392 1522 1535 1581 umquam
1558 1507 1671 1583 aliquid
1690 1510 1826 1570 adiciunt

120 1609 207 1678 at(lul
222 1601 299 1659 5⁰2⁰?
313 1617 420 1658 manus
434 1598 588 1654 deductus·
998 1593 1107 1651 mutari
1122 1595 1319 1668 ¹⁶¹⁹permisit.
1331 1594 1419 1652 Panis
1434 1595 1556 1668 aequalis
1566 1595 1826 1667 etsimilis,vinum

152 1695 199 1750 93.
216 1694 318 1764 ltaque
334 1687 466 1762 regulam
482 1683 706 1743 tolerabiliorem
722 1684 894 1757 assumpsit,
911 1687 944 1738 ut
960 1718 982 1784 B
998 1683 1131 1756 ejusdem
1155 1699 1293 1740 mensure
1316 1687 1346 1741 et
1364 1686 1488 1757 saporis,
1504 1684 1584 1743 nullo
1612 1685 1825 1746 universalitati

119 1785 194 1841 duas
223 1785 339 1837 tanturn
363 1773 650 1851 quadragesimasln
678 1789 755 1829 anno
782 1775 943 1845 perageret,
999 1772 1825 1851 diversumaiiqaandoluithstisdiebus,qnibusquam

120 1887 210 1929 unam
232 1873 299 1926 ante
323 1865 502 1922 nativitatem
526 1860 713 1930 dominicam,
730 1861 852 1917 alteram
876 1865 944 1917 ante
997 1861 1825 1935 lautiusetexquisitiusfraternajucuuditasinbonorem

121 1959 239 2036 pascha.
256 1956 385 2014 Priorem
401 1953 519 2026 quidem
536 1952 573 2008 ab
588 1950 690 2007 idibus
710 1948 941 2023 Septembribus,
997 1949 1111 2006 Domini
1128 1949 1170 2006 vel
1187 1954 1353 2007 sanctorem
1378 1954 1474 2023 potest
1498 1968 1640 2025 apparare
1661 1955 1825 2026 consuevit,

121 2065 189 2107 cum
205 2064 282 2104 nona
298 2043 369 2102 bora
392 2043 498 2098 fratres
524 2039 682 2115 prandium
707 2043 851 2113 repetunt,
870 2037 942 2094 inci·
998 2055 1180 2112 quacunque
1195 2039 1417 2112 apponebantur
1431 2038 1521 2097 libere
1537 2041 1684 2098 sumebat,
1700 2042 1755 2101 poc
1768 2060 1826 2101 ,m

120 2123 215 2214 picas,
231 2137 370 2208 sequente
386 2147 454 2188 mox
464 2128 500 2186 ab
512 2128 621 2187 oetavis
631 2127 842 2202 epiphanin¹⁶¹²
853 2127 944 2184 domi·
997 2135 1068 2194 ator,
1086 2126 1156 2184 illud
1171 2127 1239 2200 affer
1254 2129 1296 2184 oet
1307 2144 1387 2200 para,
1405 2144 1568 2202 numquam
1583 2146 1661 2188 exeo
1675 2132 1825 2190 auditum.

120 2222 187 2286 nica
201 2224 287 2283 tertia
296 2226 325 2280 et
333 2221 437 2296 quinta
447 2235 635 2276 communem
646 2217 750 2275 octaris
760 2221 863 2273 tenens
873 2215 944 2273 rele-
998 2218 1041 2273 lta
1055 2216 1084 2273 in
1096 2215 1177 2273 nullo
1188 2216 1347 2289 aliquando
1358 2216 1423 2273 cibo
1433 2221 1462 2273 et
1472 2221 1542 2290 potu
1553 2218 1692 2277 notabilis
1702 2237 1824 2295 appare·

122 2318 260 2383 ctionem,
271 2313 400 2386 reliquos
410 2309 468 2346 ‘¹⁸¹³
478 2312 605 2383 quatuor
615 2305 781 2364 abstinebat
791 2307 943 2380 dios,pane
997 2307 1055 2362 bat.
1074 2305 1149 2373 Quin
1165 2309 1193 2361 ct
1211 2305 1283 2378 ipse,
1296 2310 1329 2361 ut
1341 2305 1443 2361 talium
1455 2306 1588 2380 adprime
1598 2307 1824 2383 peritusparari

120 2409 235 2464 tantum
250 2407 279 2460 et
294 2418 372 2474 aqua
383 2400 446 2473 lage
461 2398 525 2472 ipsa
536 2399 691 2454 contentus
701 2411 790 2469 quam
801 2394 940 2451 diximus.
996 2394 1050 2451 bec
1065 2409 1152 2466 quam
1167 2393 1334 2451 lautissime
1353 2395 1400 2451 his
1421 2395 1525 2451 diebus
1550 2395 1686 2467 laclebet,
1700 2401 1730 2454 et
1743 2396 1824 2456 nullo

120 2495 171 2552 Sin
186 2510 253 2550 vero
270 2491 361 2548 festus
376 2488 499 2562 quilibet
513 2485 575 2543 dies
590 2483 742 2541 incidisset
751 2488 801 2540 aut
811 2482 942 2557 hospites
997 2487 1154 2558 apparente
1170 2487 1238 2557 typo
1254 2485 1401 2540 sumebat.
1418 2484 1530 2558 Corpus
1545 2485 1571 2541 ei
1596 2502 1670 2560 pene
1695 2486 1824 2545 naturali

122 2578 493 2657 supervenissenteosdem
505 2592 622 2649 quoquo
632 2572 787 2630 relectione
798 2572 939 2629 mutabat.
997 2589 1112 2646 semper
1127 2571 1339 2629 insolubilitate
1352 2573 1502 2642 duruerat,
1515 2579 1547 2630 ut
1562 2573 1683 2632 distlcile
1697 2574 1784 2634 cibus
1793 2576 1823 2634 in

122 2672 153 2730 ln
169 2667 324 2744 sanguinis
338 2682 455 2741 quoquo
470 2664 643 2731 minatione,
661 2678 748 2736 quam
764 2660 831 2734 plus
841 2676 942 2718 mense
995 2679 1029 2718 eo
1044 2662 1265 2735 decoqueretur.
1281 2661 1351 2717 inde
1367 2660 1505 2735 pociones
1521 2660 1681 2720 herbarum
1694 2668 1748 2721 aut
1760 2663 1825 2739 ple·

120 2761 235 2819 dillerre
246 2757 293 2815 vix
308 2759 431 2830 poterat,
447 2770 549 2810 caram
564 2752 694 2826 eorporis
705 2768 763 2807 noa
773 2750 939 2824 respuebat.
996 2765 1195 2823 rumquequas
1207 2748 1282 2805 adid
1295 2750 1827 2829 lacerentvelconducerentpigman.

121 2852 188 2907 ideo
203 2852 301 2905 autem
317 2849 398 2902 tanto
413 2843 496 2917 prius
510 2845 644 2916 tempora
667 2839 871 2913 praeveniebat,
888 2855 942 2896 nec
995 2843 1104 2910 torum,
1116 2837 1241 2895 libenter
1255 2838 1409 2907 sumebat;
1426 2838 1473 2895 his
1489 2843 1605 2895 tantum
1622 2840 1825 2915 admissique·

121 2934 329 3014 propinquiora
339 2932 413 3007 ipsis
424 2934 468 2968 ¹⁰¹⁸
478 2929 734 3004 solempnitatibus
744 2928 940 3001 exspectabat,
995 2925 1076 3001 liqna
1091 2926 1270 2984 medicorum
1285 2930 1345 2984 tam
1362 2927 1476 2986 diversa
1487 2931 1547 2985 arte
1558 2927 1691 2987 conlecta
1704 2945 1825 2989 mensa.

119 3031 153 3085 ut
168 3027 193 3083 si
210 3026 283 3082 lorte
298 3037 515 3096 quemcumque
530 3020 645 3075 dierum
661 3017 870 3091 dispositorum
888 3015 941 3072 ali·
995 3018 1054 3073 bat.
1072 3015 1144 3072 Illud
1158 3016 1202 3052 ¹⁶¹⁰
1217 3019 1294 3073 corte
1310 3031 1427 3072 summo
1438 3017 1505 3073 nisu
1516 3021 1664 3074 servatum
1675 3018 1825 3089 astutvix

120 3117 206 3188 cujus
221 3112 325 3170 talium
340 3127 427 3167 casus
446 3107 794 3182 preciperet,superesset
811 3105 837 3161 ei
851 3104 881 3160 in
895 3122 940 3161 ro·
955 3088 977 3155 G
996 3109 1048 3161 aut
1058 3120 1220 3178 numquam
1232 3104 1261 3161 in
1269 3102 1439 3161 ebrietatem
1450 3108 1501 3161 aut
1511 3105 1663 3180 crapulam
1674 3123 1709 3165 ex
1716 3124 1824 3182 quam-

120 3206 245 3279 liquum,
263 3218 321 3275 quo
334 3199 451 3255 eosdem
467 3195 529 3253 dies
543 3210 765 3269 recompensare
775 3194 820 3231 ¹⁶¹⁶
830 3193 943 3250 suillae·
996 3193 1067 3249 libet
1081 3196 1185 3267 praeter
1193 3191 1311 3249 solitum
1322 3197 1441 3266 sumpto
1450 3194 1521 3268 cybo
1529 3193 1573 3251 vel
1582 3198 1651 3267 potu
1660 3195 1824 3255 deducem-

121 3298 174 3350 ret.
200 3290 281 3348 Unde
305 3287 476 3347 multotiens
506 3301 573 3341 curn
598 3282 639 3339 ita
663 3283 843 3356 contigisset,
860 3287 893 3338 ut
908 3298 942 3339 ax
996 3286 1054 3351 tur,
1069 3280 1112 3336 vel
1130 3282 1208 3337 unde
1222 3280 1381 3354 quicquam
1397 3283 1530 3339 consueti
1545 3282 1643 3356 operis
1658 3283 1698 3341 rei
1715 3282 1823 3343 diviua

121 3378 267 3456 praedictis
278 3374 481 3434 occasionibus
492 3375 543 3428 aut
555 3370 800 3444 aliisquibusque
811 3370 942 3427 acciden-
997 3374 1084 3426 nocta
1108 3369 1152 3425 vel
1176 3370 1305 3427 interdiu
1334 3369 1526 3428 intermittere
1553 3376 1715 3446 cogeretur.
1731 3372 1776 3431 lta
1794 3377 1826 3431 et

120 3469 199 3526 tibus
209 3471 270 3524 tota
284 3465 340 3522 sibi
357 3463 520 3521 ebdomada
535 3465 586 3518 aut
600 3461 672 3517 torte
683 3461 747 3516 dum
759 3459 802 3516 vel
813 3459 942 3533 amplius
997 3459 1067 3516 loris
1082 3458 1279 3516 communiter
1292 3459 1396 3515 ceteris
1412 3458 1558 3516 convivari
1573 3461 1739 3527 videbatur,
1753 3462 1824 3520 etin

119 3562 184 3615 voto
200 3555 341 3630 explendo
355 3550 577 3626 impedirentur,
594 3566 662 3605 mox
686 3549 785 3605 obtata
809 3549 941 3605 redditus
997 3549 1060 3622 ipso
1072 3547 1204 3605 convictu
1216 3547 1271 3604 sibi
1283 3551 1424 3604 statutam
1436 3547 1692 3622 percipiendorum
1702 3549 1825 3609 alimen

120 3647 262 3714 libertate,
278 3658 435 3700 numerum
445 3638 708 3714 praetermissorum
720 3637 845 3706 diemm,
853 3636 941 3694 conti·
996 3642 1092 3694 torum
1109 3653 1279 3694 mensuram
1295 3654 1353 3693 aon
1370 3638 1537 3694 excedebat.
1548 3637 1580 3695 ln
1591 3636 1665 3695 illud
1677 3639 1823 3714 apostati:

119 3740 209 3794 nuata
219 3733 296 3791 binis
307 3737 358 3789 aut
368 3728 559 3804 amplioribus
571 3725 783 3784 ebdomadibus
794 3727 943 3783 continen—
996 3727 1057 3783 Scio
1075 3734 1101 3782 ct
1114 3727 1220 3782 esurire
1234 3733 1259 3782 ct
1273 3727 1372 3782 satiari
1388 3725 1473 3798 (Ptil.
1489 3742 1529 3793 rv,
1546 3727 1601 3799 ta),
1618 3742 1686 3783 eum
1706 3744 1767 3803 pras
1781 3745 1827 3786 aa·

118 3827 171 3893 tia,
187 3822 335 3881 dominica
349 3820 502 3876 dumtaxat
516 3820 646 3884 vacante,
664 3814 779 3872 cunctis
794 3815 844 3888 qui
861 3814 941 3872 vidc—
996 3817 1066 3873 teris
1081 3814 1171 3887 hujus
1188 3813 1330 3887 temporis
1345 3831 1462 3870 samma
1477 3819 1539 3870 arte
1553 3817 1583 3871 et
1597 3815 1726 3889 quadam
1737 3816 1825 3875 veluti

118 3905 605 3986 bantstupentibusveldolentibus
616 3902 817 3971 instaurabat;
830 3903 940 3975 itaque,
996 3903 1152 3976 disciplina
1167 3902 1335 3959 institutum
1347 3907 1624 3962 etoonsummatum
1645 3904 1743 3979 paulam
1763 3906 1825 3963 cni-

120 4021 155 4060 nc
170 4021 205 4059 cx
217 4000 321 4058 votivis
336 3996 532 4072 quadraginta
549 3994 653 4051 diebus
673 3991 723 4048 illo
738 3991 781 4047 vel
800 3991 850 4048 illo
865 3995 940 4047 tem·
996 3993 1062 4049 tuit.
1079 3991 1136 4049 Nec
1152 3992 1230 4048 euim
1244 3991 1341 4048 esurie
1356 3991 1521 4061 demissior,
1538 4009 1590 4049 nee
1606 3992 1824 4052 mseofigngueu

119 4090 351 4164 perequisquam
361 4084 531 4159 praeteriret,
540 4082 665 4140 callidus
678 4080 941 4136 nimiumobserva·
996 4097 1137 4153 umquam
1148 4081 1285 4153 apparuit
1297 4080 1409 4137 elatior.
1420 4080 1463 4136 Ad
1475 4097 1635 4152 summam,
1646 4083 1824 4155 paenitentiae

120 4184 165 4236 tor
178 4175 355 4252 invigilabat.
374 4173 549 4246 Plerumque
564 4187 681 4228 cernere
701 4174 764 4226 orat
779 4168 860 4225 illum
876 4169 942 4242 ipsa
996 4170 1121 4243 rigorem
1137 4169 1262 4226 eundem
1279 4169 1324 4206 ¹⁰²²
1340 4185 1434 4242 usquo
1449 4171 1485 4226 ad
1498 4169 1588 4227 tinem
1598 4171 1662 4228 vitas
1676 4170 1753 4230 mira
1763 4188 1824 4248 per

119 4285 236 4343 quoque
249 4264 383 4338 praescire
394 4263 502 4329 lutura,
514 4278 581 4317 cum
592 4258 680 4316 talem
692 4258 940 4316 continuationem
996 4259 1157 4315 severantia
1171 4258 1275 4327 tenuit,
1288 4259 1426 4331 quodque
1439 4262 1555 4316 tantum
1571 4260 1823 4333 superexcellunt

115 4356 220 4431 jejunii
237 4360 388 4426 tamquam
403 4368 439 4408 ex
454 4349 611 4423 improviso
627 4349 755 4422 arripere
777 4346 939 4404 videbatur.
996 4347 1111 4405 anobis
1126 4347 1257 4421 quolibet
1272 4363 1406 4403 sermone
1421 4347 1529 4421 expleri
1547 4366 1605 4407 nou
1619 4349 1724 4423 possit.
1741 4349 1822 4408 Unde

119 4446 192 4504 Nam
208 4445 248 4501 itu
262 4457 455 4517 sepenumero
471 4438 708 4495 animadversum
720 4437 861 4509 estquod
873 4453 940 4493 eum
956 4452 981 4526 D
996 4437 1042 4495 his
1057 4439 1144 4494 modo
1160 4435 1309 4509 imposito,
1325 4436 1360 4491 ad
1377 4453 1410 4492 ea
1422 4452 1486 4508 que
1496 4438 1531 4494 de
1542 4437 1735 4496 exterioribus
1756 4439 1822 4513 elus

118 4537 160 4594 sie
176 4534 273 4590 omnis
287 4528 471 4588 remissionis
492 4525 613 4601 igitarus
637 4527 769 4599 ferveret,
786 4526 942 4583 subsenter
995 4526 1088 4601 gestis
1104 4526 1178 4583 scire
1193 4524 1344 4599 potuimus
1360 4524 1462 4581 stilum
1487 4529 1649 4584 vertamus.
1666 4526 1697 4582 ln
1714 4527 1824 4601 quibus

119 4629 170 4683 aut
184 4621 287 4680 nuntio
301 4622 353 4677 aut
365 4617 464 4692 aliqua
479 4615 636 4673 inevitabili
652 4614 826 4672 necessitate
842 4632 942 4672 mona·
997 4615 1103 4689 partim
1121 4614 1277 4688 prudentia
1292 4615 1407 4687 sagacis
1426 4612 1536 4688 ingenii
1561 4619 1590 4671 ot
1615 4615 1705 4671 robur
1727 4615 1820 4672 animi

119 4715 208 4772 sterio
223 4709 357 4786 progredi
368 4707 542 4781 cogebatur;
555 4721 623 4762 nam
635 4703 775 4778 quamdiu
787 4703 857 4760 loris
867 4709 939 4773 erat,
995 4703 1088 4760 virilis
1103 4704 1203 4777 gratia
1218 4719 1351 4775 supernas
1375 4701 1479 4776 adjuti,
1497 4702 1604 4777 partim
1629 4702 1692 4761 sola
1714 4703 1818 4762 divine

119 4801 241 4859 humani
258 4798 315 4856 dici
331 4796 403 4870 (398)
412 4794 565 4852 latrocinia
576 4794 620 4829 ¹⁸¹⁸
631 4791 764 4850 sollerter
773 4793 939 4863 attendens,
994 4793 1114 4849 virtutis
1129 4792 1267 4866 operatio,
1285 4792 1336 4849 ubi
1352 4792 1483 4849 humana
1497 4793 1601 4850 adesse
1615 4809 1674 4851 non
1690 4797 1826 4869 poteram

120 4889 224 4949 secreti
239 4887 294 4956 sui,
310 4885 395 4959 cujus
410 4885 469 4942 Deo
484 4887 598 4940 tautam
614 4881 778 4938 mercedem
794 4880 939 4954 servabat,
997 4881 1118 4951 auxilia,
1135 4885 1205 4937 sunt
1219 4881 1430 4939 demonstrata,

792 5004 914 5063 VARIAE
941 5006 1150 5064 LECTlONES.

156 5110 424 5181 ¹⁶¹¹ttnt.ep...e.
463 5106 506 5141 ¹⁶¹³
525 5107 563 5160 ita
591 5104 659 5160 liat.
689 5102 739 5159 reli
764 5104 825 5175 jam
853 5102 1000 5173 deest;vel
1026 5105 1242 5177 quesbmalc.
1283 5106 1327 5140 ¹⁶¹⁸
1342 5104 1398 5177 ipsi
1427 5123 1450 5160 c.
1490 5106 1646 5161 ¹⁶¹⁸rocom
1668 5111 1825 5166 enses-etc.

122 5184 164 5218 ae
181 5186 219 5239 ,m
233 5180 332 5246 maen·
348 5197 385 5234 aa
398 5176 563 5234 lenocinia?
601 5177 644 5211 ¹⁶¹⁷
660 5190 734 5231 uoces
749 5175 864 5232 astericc
877 5181 986 5232 namtas
1001 5191 1036 5233 ec
1050 5178 1205 5248 conjectura
1218 5178 1327 5249 scripsi,
1344 5177 1456 5233 lacaena
1471 5176 1571 5233 codicis
1585 5122 1695 5249 exprim
1714 5194 1825 5250 appres-

120 5271 177 5310 sas.
217 5254 259 5288 ¹⁶¹⁸
275 5252 356 5306 ital..
373 5252 495 5321 voxjam
515 5248 595 5304 deest.
635 5248 752 5302 ¹⁶¹⁰a0n
776 5247 857 5304 mest.
897 5247 1032 5305 requud
1048 5280 1082 5289 -
1098 5249 1254 5306 excedebat
1277 5248 1374 5306 maaet
1395 5248 1469 5321 apud
1495 5248 1639 5305 miceam.
1679 5250 1721 5285 ¹⁸²¹
1738 5251 1824 5309 ital..

121 5344 173 5383 vox
182 5328 242 5398 jam
255 5323 336 5379 deest.
876 5324 892 5357 ⁹

912 5414 1028 5474 NOTAE.

157 5521 230 5592 (398)
246 5519 277 5575 ld
292 5522 336 5574 est
351 5514 474 5573 humani
490 5514 602 5587 operis:
619 5514 655 5570 es.
670 5512 750 5571 Pauli
766 5514 817 5587 Ep.
836 5513 857 5584 l,
872 5515 908 5572 ad
924 5513 1054 5573 Corinth.
1072 5532 1111 5582 1v,
1128 5517 1154 5569 3.
