3900 6090
117 307 180 367 825
538 307 713 369 JOANNES
734 306 786 366 XV
807 306 978 366 rnPn.·-
991 303 1153 367 NOTITIA
1174 306 1397 369 tttsroulcn.
1762 309 1823 374 82ss

117 437 184 496 lota
198 441 438 510 restituerentur;
454 446 482 498 et
497 442 600 497 cetera
611 440 690 497 mala
700 456 763 512 que
777 438 941 515 speciosam
955 437 984 506 Α
998 450 1066 509 pore
1076 454 1170 511 usque
1185 456 1274 507 nunc,
1286 439 1455 513 quicunque
1473 441 1641 499 febricitans
1655 446 1822 515 accesserit,

119 534 229 588 sancta
244 529 295 586 Dei
310 529 444 587 Coclesis
460 529 563 587 taciem
579 530 737 598 foedabant,
754 531 809 588 sub
824 531 944 588 anathe-
998 524 1823 606 invocatoChristinominepcrintorventionemejusdem
1887 581 1890 587 f

118 619 208 677 matis
224 636 363 677 mucrone
378 619 542 677 terirentur.
562 620 621 677 lloo
636 619 727 694 igitur
740 619 897 676 concilium
912 620 943 678 in
998 615 1091 672 Patris
1106 615 1262 687 pristinam
1279 617 1469 692 consequitur
1483 618 1651 676 sanitatem.
1669 621 1739 678 lnde
1754 639 1823 696 ergo

118 709 253 767 caenobio
264 709 427 766 llarrotensi
439 710 502 782 cogi
519 709 574 765 suit
589 708 779 777 destinatum,
791 710 944 782 tactusquo
998 721 1065 761 cum
1081 705 1118 760 ad
1132 703 1262 761 villulam
1273 706 1320 761 cui
1332 707 1483 764 Rulfiacus
1498 724 1604 763 nomen
1619 712 1675 777 cst,
1686 712 1824 768 accessis·

118 799 220 856 estibi
236 799 358 872 grandis
373 815 408 855 ex
432 816 506 872 pago
532 799 646 855 Pictnvo
662 803 690 855 et
705 797 899 868 Lemovicino,
916 803 945 856 et,
999 793 1346 861 sent,mansioneminibi
1359 801 1543 869 acceperunt,
1553 801 1728 871 noctemque
1741 798 1824 857 illam

119 887 324 962 adjacentibus
335 887 503 962 regionibus
515 887 674 944 multorom
683 904 845 944 concursus
856 905 945 961 popu·
1000 883 1029 938 in
1040 883 1090 938 Doi
1102 881 1402 956 laudibusethymnis
1410 884 1580 958 pervigilem
1589 886 1740 957 ducentes,
1749 889 1825 944 tacto
1916 900 1922 905 ·

120 976 229 1033 lorum.
245 977 317 1033 Nam
334 980 364 1032 et
387 975 482 1032 multa
503 993 624 1049 corpora
649 976 888 1050 sanctorum(18)
905 976 945 1032 ibi
1000 987 1086 1027 mane
1102 972 1157 1027 iter
1172 971 1374 1044 arripuerunt;
1395 974 1445 1028 scd
1469 973 1662 1032 nihilomiuus
1677 977 1707 1031 in
1722 979 1824 1034 codem

120 1065 211 1123 allata
224 1069 304 1133 sunt,
321 1082 446 1137 quorum
462 1065 617 1143 prasentia
631 1069 660 1121 et
674 1064 851 1138 religiositas
865 1066 946 1122 roho
999 1060 1062 1117 loco
1076 1076 1136 1132 quo
1156 1060 1326 1132 quieverant
1349 1059 1489 1133 reliquia,
1502 1062 1603 1119 fidelos
1618 1063 1776 1120 Christiani
1791 1083 1826 1122 en

120 1158 245 1223 seretur,
268 1158 297 1211 et
321 1153 520 1227 malignorum
543 1154 706 1227 procacitas
730 1156 945 1213 rotundaretur.
1000 1149 1079 1205 lento
1093 1148 1201 1206 vimine
1216 1150 1299 1222 quasi
1322 1150 1471 1222 quoddam
1487 1150 1580 1207 iecere
1602 1151 1777 1223 peribolum,
1794 1158 1827 1210 ut

121 1245 199 1302 Sane
213 1242 287 1299 illud
302 1242 460 1299 concilium
476 1243 583 1312 divina,
598 1247 632 1299 ιιι
645 1242 783 1312 creditur,
799 1244 947 1302 voluntate
1001 1237 1083 1294 locus
1098 1239 1160 1311 ipse
1172 1255 1229 1311 (1110
1244 1255 1329 1295 sacra
1344 1240 1478 1294 membra
1491 1238 1586 1295 locata
1600 1241 1716 1297 fuerant
1730 1243 1767 1298 ab
1782 1259 1827 1300 ac

120 1336 257 1390 'coactum
273 1348 326 1405 per
335 1335 503 1389 sanctorum
515 1332 700 1404 praesentiam
712 1333 874 1406 frequentia
884 1333 948 1390 illu·
977 1396 987 1405 ἱ
1000 1343 1086 1384 cosso
1097 1327 1251 1383 hominnm
1262 1331 1291 1383 ct
1301 1326 1474 1384 animalium
1485 1331 1568 1384 tutus
1578 1334 1752 1387 remaneret.
1759 1332 1828 1389 Post

120 1424 251 1479 stravere
265 1420 418 1478 miracula.
435 1422 472 1478 Αι
486 1437 553 1478 vero
575 1420 652 1478 inter
666 1425 770 1477 caetera
783 1421 842 1478 Deo
857 1422 947 1496 digna
1001 1415 1182 1472 multosdies
1197 1417 1300 1472 taurus
1314 1415 1393 1472 teron
1408 1416 1533 1473 accessit
1542 1421 1571 1474 et
1585 1418 1725 1476 cornibus
1740 1422 1827 1494 atqua

121 1513 293 1568 sarmarum
313 1509 447 1585 pignora,
462 1511 551 1567 etiam
571 1509 691 1585 gloriosi
714 1510 808 1568 Patris
826 1510 947 1568 tuniani
1001 1505 1828 1579 costisoomdomscpemludibundusconcussit;sedmox

120 1598 231 1657 exuvie
246 1615 314 1655 cum
329 1598 445 1655 decenti
459 1599 569 1656 honore
584 1598 685 1656 delata
702 1604 781 1656 sunt.
1001 1598 1034 1650 ut
1048 1612 1065 1651 a
1080 1611 1156 1668 sapa
1170 1594 1305 1663 recessit;
1321 1594 1432 1652 corruit
1447 1599 1476 1651 et
1495 1595 1665 1668 exspiravit.
1677 1597 1709 1653 ln
1724 1599 1827 1656 eodem

156 1689 187 1745 3.
221 1686 278 1745 Sed
310 1687 388 1744 inter
419 1687 482 1744 haec
516 1689 641 1761 agenda·
662 1705 730 1744 cum
765 1707 783 1745 a
816 1690 947 1747 coenobio
1002 1700 1118 1756 quoque
1134 1682 1198 1741 loco
1211 1701 1247 1740 ex
1261 1683 1373 1759 ingenti
1394 1682 1490 1742 imbre
1513 1684 1619 1742 lacuna
1633 1692 1827 1759 succreverat,

120 1776 217 1836 sancti
244 1775 341 1834 ‘Patris
369 1776 451 1833 elata
480 1781 580 1834 essent
613 1775 757 1850 reliquie,
784 1795 840 1834 non
870 1777 948 1834 rnul-
1002 1789 1065 1846 qua
1077 1776 1244 1846 susceptam
1255 1771 1427 1846 aliquandiu
1444 1772 1573 1830 retinens
1590 1792 1770 1850 aquam‚pro
1784 1794 1829 1834 re·

120 1872 186 1925 tum
215 1866 301 1941 longe
325 1883 342 1922 a
365 1866 544 1924 monasterio
559 1865 589 1922 hi
605 1864 656 1938 qui
685 1866 779 1922 sancti
803 1866 948 1924 vehebant
1000 1860 1128 1917 verentia
1142 1865 1311 1917 sanctorum
1321 1861 1478 1934 pignorum
1494 1863 1530 1918 ad
1544 1862 1723 1920 abluendam
1739 1864 1828 1938 pluri·

121 1956 289 2024 sarcinam,
316 1955 528 2024 consederunt,
553 1957 581 2010 ot
609 1970 727 2011 sacrum
757 1971 832 2012 onus
861 1955 948 2027 depo·
1004 1966 1068 2005 mos
1081 1948 1233 2019 invitabat,
1250 1949 1326 2006 inter
1340 1966 1415 2022 quos
1434 1950 1558 2007 accessit
1572 1952 1707 2024 quadum
1723 1952 1829 2010 mulier

121 2048 257 2104 suerunt.
274 2042 307 2100 ιιι
323 2059 356 2101 co
371 2042 463 2117 igitur
476 2042 539 2100 loco
555 2047 621 2116 post
636 2043 891 2101 sanctissimorum
908 2059 951 2101 re·
1003 2036 1191 2112 elephantino
1206 2036 1344 2095 laborans
1357 2039 1470 2107 morbo,
1480 2056 1544 2112 que
1555 2056 1668 2097 cumex
1680 2041 1782 2098 cedern
1797 2059 1829 2099 ss

122 2131 285 2207 tiquiarum
300 2130 479 2189 evectioricm
496 2131 610 2188 devotio
627 2131 758 2188 fidelium
778 2132 874 2190 crucis
888 2148 949 2201 cre:
1004 2126 1123 2184 lavisset
1137 2126 1367 2200 aquamanus
1382 2126 1501 2185 sanitati
1521 2129 1657 2186 restituta
1671 2128 1829 2190 incolomis

123 2223 168 2280 'xit
182 2221 319 2280 vexillum
335 2221 372 2278 ob
387 2220 560 2277 memoriam
575 2224 605 2277 et
621 2221 860 2290 recordationem,
872 2222 950 2295 quod
1004 2217 1143 2273 remeavit
1157 2217 1193 2272 ad
1209 2215 1337 2289 propria.

123 2311 167 2370 ibi
179 2310 273 2369 sancti
290 2309 385 2369 Petris
399 2309 528 2383 reliquie
539 2309 720 2384 quievissent
729 2324 736 2364 :
745 2313 774 2366 et
784 2310 820 2366 ab
831 2326 864 2369 ec
875 2315 952 2368 tem-

121 2472 188 2541 990,
200 2472 363 2529 secundum
380 2469 544 2543 capitulum
556 2469 722 2526 decernitur
732 2469 872 2525 adversus
882 2484 951 2542 pree·
1006 2485 1069 2526 sem
1084 2467 1214 2525 delatum
1229 2473 1284 2538 cst,
1297 2473 1435 2542 regnante
1448 2469 1585 2526 lictberto
1596 2486 1678 2544 rege;
1688 2476 1718 2529 et
1728 2477 1831 2530 sancte

122 2544 227 2611 donas,
244 2547 278 2599 ut
291 2543 416 2599 dubium
437 2559 494 2599 non
511 2542 550 2598 sit
564 2542 600 2598 ad
620 2557 685 2598 cam
701 2541 801 2598 reterri
819 2545 952 2614 oportere
1007 2540 1092 2598 Fides
1103 2540 1180 2596 inter
1190 2539 1285 2596 mults
1295 2544 1464 2597 sanctorum
1473 2543 1831 2615 corporaqaeascccndam

123 2615 202 2674 benc
217 2615 405 2672 delationem.
708 2626 710 2630 '
1005 2628 1108 2670 mecm
1120 2613 1273 2684 protrtnctae
1286 2613 1415 2683 [crantor
1432 2611 1468 2668 od
1491 2613 1619 2680 condito,
1631 2613 1829 2690 principatum

160 2687 219 2760 (18)
235 2687 276 2744 Do
292 2702 373 2743 moro
387 2684 467 2742 illins
482 2685 634 2758 temporis.
647 2683 695 2741 Sic
708 2684 847 2740 teretrum
858 2683 952 2740 sancti
1006 2682 1137 2742 tenuisse
1149 2682 1268 2740 dicitur.

125 2756 276 2816 Barcharii
301 2756 417 2816 abbatis
430 2756 585 2814 Dervensis
600 2756 631 2812 in
646 2755 791 2830 synodum
806 2754 951 2813 hiereien·

790 3095 871 3143 tutto
892 3095 1000 3143 bottul
1021 3095 1166 3143 DCCCCXVI

263 3258 1233 3611 ronanus-nv
1302 3268 1697 3491 rnen

688 3732 923 3823 norrun
955 3711 1270 3823 ursromon'

435 3915 531 3988 (Apud
548 3913 643 3972 Mansi
659 3912 845 3971 Conditorem
858 3912 1031 3984 amplissima
1047 3912 1182 3983 collectio,
1198 3917 1270 3971 tom.
1286 3913 1355 3984 lllll,
1373 3931 1438 3988 pag.
1455 3916 1513 3984 82.)

157 4225 298 4294 ioannes,
312 4226 407 4298 patria
427 4226 588 4294 Romanus,
604 4241 639 4282 ex
653 4229 735 4299 patre
753 4227 847 4284 Leone
868 4231 971 4300 postea
990 4227 1160 4300 presbytero
1175 4231 1273 4294 natus,
1285 4231 1356 4355 post
1376 4227 1552 4284 exstinctum
1575 4231 1734 4302 tyrannum
1748 4246 1827 4288 com·

122 4298 207 4355 muni
222 4297 283 4356 sutt'
336 4296 362 4352 'o
377 4295 404 4352 lc

122 4385 223 4427 curor
237 4313 345 4440 paersutgi
356 4312 427 4434 arai,
444 4368 566 4424 secessit
579 4367 610 4423 in
624 4367 774 4437 Tuscium,
786 4384 854 4425 cum
865 4386 883 4425 a
893 4386 965 4426 novo
976 4373 1100 4444 tyranno
1111 4369 1278 4426 Crescentio
1288 4371 1485 4437 Nomentano,
1496 4369 1547 4443 qui
1558 4370 1643 4427 titulo
1656 4371 1827 4430 consulatus

122 4438 319 4497 munitionem
335 4439 429 4496 macti
443 4438 544 4512 Angeli
561 4439 712 4513 possidere
725 4456 882 4514 aggressus
897 4444 952 4509 est,
968 4441 1164 4497 infestaretur.
1181 4441 1313 4514 Cumque
1332 4440 1359 4497 lc
1380 4440 1492 4497 ationes
1507 4442 1543 4498 ad
1560 4442 1696 4499 Ottonem
1712 4443 1827 4501 mittere

122 4511 331 4586 frequentaret,
348 4510 471 4567 Romani
484 4527 630 4567 memores
643 4526 744 4567 eorum
759 4515 953 4585 quapropter
966 4511 1091 4583 injurias
1106 4511 1296 4584 pontificibus
1309 4457 1407 4569 illalas
1417 4513 1453 4569 ab
1464 4512 1621 4570 Ottonibus
1630 4513 1827 4572 anterioribus

120 4580 203 4711 quest
218 4585 313 4648 erant,
328 4581 479 4655 evestigio
494 4580 654 4638 bonoritlca
668 4580 811 4657 legatione
826 4583 963 4639 eumdem
978 4583 1121 4640 ioannem
1136 4588 1317 4652 revocarunt,
1328 4584 1455 4657 dataque
1470 4581 1512 4639 illi
1528 4584 1609 4640 omni
1624 4584 1781 4642 securitate
1788 4585 1826 4642 in

145 4653 231 4710 rbem
245 4652 339 4711 redire
354 4658 504 4728 rogarunt.
520 4653 601 4720 Quod
617 4653 690 4710 dum
705 4654 822 4722 taceret,
838 4671 940 4712 omnes
955 4654 1123 4712 adventanti
1137 4654 1335 4724 occurrerdnt,
1367 4654 1405 4712 iis
1419 4654 1525 4713 officiis
1538 4658 1568 4712 et
1580 4654 1729 4728 obsequiis
1743 4673 1825 4713 eum·

425 4295 506 4352 itime
522 4296 631 4352 electus
646 4300 691 4353 est
706 4314 782 4354 auno
793 4297 902 4355 Christi
916 4298 971 4354 985
984 4299 1039 4355 sub
1055 4315 1144 4372 regno
1159 4297 1273 4355 Ottonis
1298 4299 1333 4354 ll.
1344 4298 1396 4354 llic
1410 4298 1516 4355 timore
1526 4315 1627 4356 eorum
1640 4316 1703 4374 qua
1717 4303 1827 4373 prado-

120 4725 189 4783 dcm
204 4722 387 4782 honorarunt
402 4741 491 4798 seque
505 4724 548 4781 illi
564 4725 764 4798 subjecerunt.
778 4725 910 4782 Libentio
925 4725 1140 4800 llamborgensi
1155 4725 1252 4799 episco
1275 4743 1292 4783 o
1311 4743 1329 4800 p
1359 4726 1433 4783 lium
1448 4725 1603 4784 concessit.
1616 4727 1743 4784 Leonem
1753 4728 1826 4784 'l're-

118 4795 268 4854 vircusem
280 4795 514 4869 viceepiscopum
530 4797 566 4853 ad
582 4812 680 4880 regern
694 4797 804 4871 anglie
819 4801 849 4854 et
861 4798 967 4855 ducem
980 4797 1229 4856 Nortmannorum
1243 4744 1396 4872 ahlegovit
1409 4802 1442 4854 ut
1455 4813 1505 4855 eos
1515 4798 1594 4856 inter
1603 4813 1635 4856 se
1650 4797 1825 4856 dissidentes

120 4865 302 4928 conciliaret.
317 4868 391 4924 Acta
404 4867 622 4941 pseudosynodi
638 4869 802 4938 flamensis,
814 4886 873 4943 qua
887 4873 985 4926 amoto
998 4869 1150 4943 Arnulpho
1160 4869 1318 4927 Cerbertus
1331 4870 1509 4943 subrogatus
1522 4869 1627 4939 tuerat,
1638 4869 1823 4943 improbavit,

119 4942 151 4996 et
161 4941 294 4996 amotum
303 4937 438 4996 sedisne
450 4938 565 4995 restitui
575 4939 698 4996 feliciter
707 4940 873 5013 procuravit
883 4940 932 5013 (t).
944 4940 986 4996 hd
997 4941 1153 4998 crescentii
1165 4941 1361 5016 tyrannidem,
1374 4958 1437 5014 que
1447 4940 1477 4997 in
1493 4940 1556 4998 dies
1566 4941 1661 5014 magis
1671 4940 1826 5014 magisque

119 5009 329 5076 invalescebat,
339 5009 582 5083 propulsandam,
594 5010 729 5066 Ottonem
741 5027 772 5068 re
792 5027 839 5066 om
849 5010 1012 5068 Germanis
1027 5013 1149 5068 ltomam
1161 5011 1260 5069 venire
1268 5013 1389 5086 rogavit.
1402 5015 1568 5085 Antequam
1581 5029 1648 5072 vero
1664 5012 1823 5082 accederet,

118 5081 279 5139 anneus
293 5086 340 5138 est
353 5081 483 5154 pontifex
498 5082 626 5155 optimus
641 5081 768 5153 septimo
813 5081 863 5146 eii,
878 5099 946 5138 cum
962 5081 1086 5140 sedisset
1100 5100 1193 5140 annos
1207 5083 1317 5154 docem,
1334 5100 1451 5141 menses
1454 5125 1509 5140 .....
1519 5083 1581 5142 dios
1592 5084 1758 5143 duodecim.
1771 5085 1826 5145 Se-

119 5151 224 5228 pultus
239 5156 286 5210 est
299 5152 330 5208 iu
344 5151 467 5210 basilica
481 5154 512 5210 S.
529 5151 605 5210 Petri
619 5152 649 5208 iu
664 5153 790 5210 oratorio
806 5153 835 5208 S.
853 5152 960 5210 Marte.

153 5277 196 5349 (t)
210 5276 274 5335 Non
288 5279 334 5335 est
348 5278 483 5335 ellectum
499 5278 529 5334 id
545 5277 601 5333 nisi
617 5277 672 5334 sub
687 5276 826 5350 Gregorio
839 5275 874 5332 V.
