3900 6090
116 275 174 340 339

759 276 965 341 assumam
987 276 1101 338 PAPAE
1122 275 1174 339 Vll

1759 272 1820 337 sto

150 412 223 468 Cam
239 427 348 485 magna
362 409 447 469 nobis
463 410 659 468 sollieitudine
679 412 789 467 insistit
803 429 873 467 cura
887 428 939 483 pre
953 413 980 479 Α
995 409 1257 481 oonnno,religioso
1268 409 1364 464 abbati
1376 407 1819 478 sanctaCorbeicnsisecclesie,

115 501 260 557 universis
276 501 328 557 Dei
344 501 481 558 Ecclesiis
497 519 529 556 ae
543 501 599 573 piis
617 500 888 572 lucis,nigilainla1n
904 516 940 555 ne

116 590 247 663 aliquam
258 590 441 646 necessitatis
447 591 593 660 jacturam
606 589 833 656 sustineantsed
847 589 941 661 magis

116 678 942 753 propriaeutilitatisstipendiaconsequentar.lgitarquia

116 785 168 840 per
182 769 377 822 interventum
394 768 524 839 Hugonis
549 768 666 839 gloriosi
683 768 799 824 consitis
815 769 940 822 rationa-

116 855 214 911 biliter
228 856 399 927 postulastis
415 875 431 912 a
447 857 693 928 nobis,qaatcuns
709 874 760 928 pro
771 874 823 912 sno
836 873 941 924 iriagno

116 962 215 1001 amore
231 950 319 1016 atque
335 945 489 1000 dilectione
511 948 753 1000 contirnnuninns
776 945 857 1000 robis
871 962 941 1015 prce-

117 1034 229 1090 dictum
245 1033 458 1089 monasterium
473 1035 565 1089 saneti
577 1034 710 1089 Vl'alarici
723 1051 788 1088 eum
805 1034 942 1088 omnibus

117 1123 204 1179 rebus
216 1121 384 1191 mobilibus,
398 1139 524 1194 cumque
538 1128 567 1177 et
581 1122 793 1187 immobilibus,
810 1122 943 1193 quibusa

118 1211 236 1283 prelato
252 1211 372 1281 Hugoue
382 1210 595 1280 glunit-sissimo
606 1212 711 1266 canuto
726 1228 864 1266 ‹trincessa
879 1227 943 1266 esse

119 1302 291 1365 noscuntur,
313 1299 355 1354 vel
372 1299 512 1355 acetcris
536 1300 709 1355 Christianis
724 1300 752 1353 in
770 1305 941 1370 perpetuam

118 1405 257 1444 concessa
272 1391 359 1459 atque
376 1388 480 1460 largita
493 1405 556 1444 esse
567 1389 758 1456 eicienturpnl
769 1404 837 1443 cum
852 1387 942 1442 ennii·

118 1477 174 1534 bas
186 1477 220 1533 ad
233 1476 330 1549 ipsum
343 1478 553 1534 monasteriam
566 1475 740 1549 generaliter
750 1483 779 1532 et
794 1493 872 1531 nane
882 1494 943 1548 per-

117 1565 280 1622 tinentibus
295 1564 382 1621 sicuti
397 1570 451 1622 est.
462 1565 554 1639 igitur
564 1565 722 1638 privilegiis
733 1565 811 1621 sedis
827 1569 942 1637 aposto-

119 1654 180 1712 licae
195 1653 296 1711 insulis
311 1655 473 1720 decoretur,
486 1659 519 1710 at
542 1656 596 1711 sab
615 1655 821 1726 jurisdictione
837 1659 944 1709 sancta

118 1746 225 1800 nostrie
239 1741 374 1800 Ecclesiae
390 1744 494 1800 matris
509 1743 865 1816 permanendam,nullius
876 1743 944 1798 altc-

119 1833 181 1888 rius
196 1832 329 1888 Ecclesia
345 1832 603 1903 jurisdictionibus
627 1834 870 1889 submittendum.
891 1832 944 1887 Pro

120 1937 179 1993 qua
194 1936 224 1975 re
240 1919 297 1991 piis
322 1918 477 1975 desideriis
501 1921 640 1989 faventes,
655 1927 755 1977 nestra
775 1920 946 1976 auctoritate

119 2008 149 2064 id
170 2008 248 2080 (laod
273 2006 439 2078 exposcitur
464 2009 579 2064 ell'eetui
602 2010 814 2081 mancipamus.
833 2010 867 2065 Et
882 2010 946 2064 ideo

120 2112 238 2153 omnem
260 2095 420 2166 cujuslibet
434 2096 567 2153 Ecclesia
584 2100 768 2154 sacerdotum
782 2101 811 2154 in
828 2099 947 2170 praelate

121 2183 946 2256 monasterioditiouem,quamlibethabereauctoritatem

121 2278 225 2346 prater
246 2273 345 2329 sedern
367 2274 556 2344 apostolicam
573 2275 771 2346 prohibemus,
790 2277 830 2331 ita
845 2278 877 2330 ut
891 2274 947 2330 uisi

122 2364 159 2419 ab
176 2362 281 2419 abbate
304 2361 397 2434 ipsius
422 2365 592 2419 monasterii
617 2366 704 2420 t'aerit
729 2365 879 2434 invitatuS,
895 2382 948 2420 acc

122 2451 284 2508 missarum
296 2449 438 2507 solemnia
454 2452 561 2508 ibidem
576 2454 723 2525 quispiam
740 2457 897 2526 prasumat
907 2471 950 2510 ce-

121 2539 236 2596 lebrare
247 2538 328 2597 omui
339 2540 435 2606 mode,
449 2558 501 2596 nec
523 2540 639 2597 licentia
659 2542 707 2608 sit,
720 2547 751 2598 ut
766 2544 876 2598 dietam
894 2546 947 2610 est,

121 2629 231 2700 exejus
245 2626 289 2684 vel
305 2627 443 2683 omnibus
459 2630 553 2685 eidem
565 2631 742 2686 monasterio
753 2630 845 2685 sancti
858 2627 950 2686 Wala-

122 2715 176 2773 rici
192 2715 416 2790 pcrtinentibus
433 2716 523 2772 situm
540 2719 568 2773 in
585 2720 726 2774 comitata
740 2719 871 2774 Witmaa
888 2718 948 2774 cai-

120 2821 212 2878 quam
228 2822 340 2878 magnes
352 2822 491 2878 persona,
504 2824 655 2879 parvaeque
665 2809 788 2863 aalcrrc.
805 2808 841 2863 Ut
856 2807 923 2880 prol
938 2838 949 2847 -

121 2899 169 2951 cto
181 2895 267 2966 juxta
280 2893 310 2950 id
326 2895 403 2966 quod
424 2896 573 2967 subjectos
588 2897 665 2952 idem
682 2904 713 2951 nt
726 2897 755 2951 in
772 2896 949 2952 monasterio

121 2981 277 3055 apostolici
303 2983 455 3039 constituti
480 2989 567 3055 atque
591 2985 732 3056 privilegii
747 2985 890 3051 consistit,
907 2985 951 3040 in·

122 3087 264 3127 concusso
279 3071 441 3126 dotandum
454 3077 631 3143 permaneat.
641 3074 670 3129 Si
682 3075 749 3145 qais
760 3073 949 3144 autem,quod

995 506 1152 571 nostroque
1163 497 1352 555 dilectissimo
1363 498 1421 553 tilio
1431 499 1550 571 suisque
1560 499 1780 556 successoribus
1791 500 1820 555 in

996 594 1178 660 perpetuum.

1031 678 1103 732 Cam
1116 695 1238 731 sumina
1250 675 1415 748 apostolica
1431 676 1583 748 dignitatis
1594 694 1666 748 apen
1678 676 1706 732 in
1716 677 1770 733 hoc
1780 676 1822 732 di·

995 765 1053 819 vini
1066 768 1212 837 prolectas
1223 766 1316 818 nitore
1331 764 1514 837 dignoscitur
1529 765 1779 836 prinl'algereeam
1791 767 1821 822 in

997 855 1164 909 exercendis
1177 854 1224 907 lici
1236 853 1374 908 laudibus
1385 853 1430 906 sai
1442 852 1604 924 impensius
1620 855 1734 910 studuit
1744 855 1823 912 labo·

997 943 1037 997 ris
1053 942 1187 997 exhibere
1203 947 1370 1007 <certamem
1386 943 1423 996 ob
1439 942 1493 997 hoc
1511 944 1608 998 debita
1624 962 1676 998 nos
1688 946 1821 1016 ejusdem

997 1031 1160 1102 epistolica
1177 1030 1330 1102 pastoralis
1346 1030 1488 1102 compulit
1510 1032 1715 1088 sollicitudinis
1740 1051 1820 1099 eura,

997 1120 1137 1191 quidquid
1150 1120 1183 1173 ad
1197 1118 1384 1181 stabilitatem
1397 1119 1510 1191 piorum
1527 1122 1669 1191 pertinere
1679 1123 1824 1192 dignosci-

996 1214 1045 1263 tur
1060 1209 1187 1261 lnceram
1206 1208 1331 1262 ubertim
1348 1207 1538 1279 promulgari,
1554 1215 1583 1264 et
1598 1210 1761 1280 apostolieae
1775 1213 1822 1267 in-

997 1297 1161 1351 stitutionis
1177 1314 1300 1351 cisiisara
1315 1297 1493 1351 contirmari.
1508 1296 1598 1369 lgitar
1612 1299 1679 1370 quia
1696 1301 1825 1372 postulu-

998 1386 1034 1440 sti
1053 1404 1069 1440 a
1093 1386 1175 1440 nobis
1190 1390 1335 1455 (prutenus
1352 1385 1563 1440 monasteriam
1580 1387 1630 1442 SS.
1648 1393 1823 1461 martyrum,

997 1473 1219 1546 prasternartyris
1234 1473 1372 1544 Stephani
1390 1478 1477 1546 atque
1491 1475 1548 1530 Viti
1565 1478 1702 1549 martyris
1717 1479 1746 1533 in
1760 1477 1825 1536 loco

998 1563 1047 1636 qai
1064 1563 1173 1618 dicitnr
1187 1561 1318 1627 durboio,
1335 1562 1494 1634 privilegiis
1509 1565 1588 1620 sedis
1615 1567 1780 1638 apostolice
1795 1573 1825 1624 et

998 1651 1100 1706 int'alis
1115 1652 1276 1716 decoretur,
1294 1655 1327 1705 ut
1352 1651 1406 1705 sub
1428 1652 1635 1718 jurisdictione
1650 1659 1757 1712 sancte
1772 1673 1825 1714 aa·

1000 1745 1066 1795 stira
1083 1740 1171 1805 sedis,
1188 1739 1233 1794 cui
1259 1738 1317 1793 Deo
1342 1745 1460 1795 auetore
1484 1740 1673 1809 deservimus,
1690 1743 1825 1802 Ecclesiae

996 1829 1253 1902 jurisdictionibus
1268 1828 1477 1883 submittatur:
1495 1846 1546 1901 pro
1562 1847 1620 1901 qua
1635 1847 1665 1886 re
1680 1831 1737 1904 plis
1752 1834 1827 1891 desi·

1001 1917 1088 1973 dariis
1104 1919 1231 1973 faventes
1248 1916 1301 1971 bac
1318 1921 1418 1972 nestra
1438 1918 1621 1988 auctoritate,
1634 1919 1663 1975 id
1679 1923 1756 1992 qaod
1772 1939 1823 1995 po-

1001 2006 1093 2062 stulas
1109 2006 1221 2061 ellectui
1248 2006 1461 2077 mancipamus,
1477 2009 1507 2061 ct
1530 2024 1646 2063 emnem
1668 2009 1828 2080 cujuslibet

1001 2095 1128 2151 ccclesia.
1144 2095 1335 2160 sacerdotem,
1353 2093 1383 2148 in
1400 2096 1518 2165 pralate
1543 2099 1720 2155 monasterio
1739 2091 1827 2156 ditio-

1002 2202 1068 2238 nem
1090 2183 1251 2255 quamlibet
1267 2184 1372 2238 babere
1388 2187 1416 2238 et
1432 2185 1646 2252 auctoritatem,
1663 2193 1769 2259 prater
1782 2206 1828 2246 sc-

1002 2273 1067 2327 dcm
1081 2270 1269 2343 apostolicam
1287 2271 1494 2342 probibemus:
1509 2272 1550 2328 ita
1559 2279 1599 2341 at,
1608 2276 1664 2329 nisi
1674 2277 1711 2333 ab
1722 2279 1829 2335 abbate

1003 2361 1171 2417 moriasterii
1197 2361 1285 2415 scierit
1311 2360 1461 2427 invitatas,
1477 2378 1528 2416 nee
1544 2363 1702 2420 missarum
1717 2365 1829 2424 ibidem

1003 2450 1144 2505 solemnia
1155 2449 1311 2520 quisquam
1323 2451 1647 2520 prasumatcclebrare,
1658 2455 1829 2539 omnimodo

1002 2538 1342 2609 statuentes,apostelica
1353 2556 1477 2594 censura
1491 2540 1547 2595 sub
1563 2541 1652 2596 divini
1664 2544 1770 2614 judicii
1781 2547 1831 2603 ob-

1003 2628 1200 2692 testatione,et
1209 2625 1313 2681 validis
1325 2630 1411 2698 atque
1424 2627 1616 2685 atrocioribus
1632 2631 1830 2691 anathematis

1003 2714 1303 2781 interdictionibus,nt
1317 2715 1417 2770 nullas
1433 2732 1563 2788 anquam
1579 2725 1830 2796 praesumatqaa·

1003 2821 1120 2876 cunque
1129 2804 1270 2875 dignitate
1282 2804 1320 2859 sit
1330 2804 1469 2875 praeditus
1478 2804 1521 2861 vel
1531 2808 1729 2878 potestatc,vel
1738 2811 1830 2870 ctiam

1003 2909 1184 2965 quascunque
1201 2909 1307 2964 inagna
1323 2910 1468 2965 parvaque
1480 2911 1603 2966 persone
1616 2896 1645 2952 in
1658 2899 1760 2956 eodem
1770 2918 1832 2959 mo-

1004 2982 1131 3037 nasterio
1142 2981 1185 3036 vel
1201 2982 1264 3053 ejus
1280 2982 1376 3038 causis
1393 2982 1571 3054 incumbere,
1587 2988 1637 3040 eat
1652 2987 1687 3042 de
1702 2989 1832 3048 rebaset

1005 3069 1252 3144 possessionibus,
1268 3068 1312 3125 sel
1329 3070 1452 3143 quiquid
1468 3073 1504 3127 ad
1519 3071 1591 3128 illud
1616 3078 1830 3136 monasterium

122 3175 181 3214 uon
197 3161 344 3230 optamus,
362 3159 473 3214 nelarie
484 3176 556 3215 ausa
571 3161 791 3232 presumpserit
805 3162 948 3232 hecque
964 3149 985 3217 G
1004 3158 1400 3231 pertinereridetur,quoqao
1412 3160 1498 3216 modo
1509 3161 1675 3219 auterrevel
1685 3164 1828 3236 alienare;

123 3263 141 3301 a
153 3245 238 3302 uobis
248 3245 285 3301 ad
296 3245 412 3302 laudem
428 3246 478 3301 Dei
489 3264 540 3318 pro
552 3248 711 3304 stabilitate
723 3251 785 3320 jam
801 3250 872 3305 dicti
888 3266 950 3304 mo·

124 3333 256 3402 nestorii,
283 3338 395 3390 statuta
419 3339 498 3403 sunt,
515 3336 670 3407 refragare,
687 3343 738 3393 aut
756 3338 785 3392 in
802 3355 950 3409 quoquam

53 3492 58 3503 Ι
123 3422 286 3496 transgredi
305 3424 468 3492 tentaverit,
485 3440 568 3480 ream
586 3441 627 3491 sc,
640 3431 669 3481 et
685 3426 739 3481 atri
756 3425 951 3481 anathematis

119 3509 237 3568 vincalo
253 3510 428 3567 innodatum
444 3528 518 3579 esse,
535 3517 564 3567 ot
578 3512 694 3569 diabolo
711 3515 816 3585 eteius
831 3515 950 3569 atrocis-

121 3599 205 3658 simis
221 3599 347 3673 pompis,
365 3605 451 3672 atque
480 3618 547 3657 carn
573 3602 651 3658 luda
675 3602 814 3658 traditore
836 3601 950 3674 Domini

120 3688 214 3746 uestri
229 3689 300 3746 Jesa
312 3688 420 3744 Christi
429 3691 527 3745 aeterni
539 3691 665 3747 incendii
678 3691 821 3764 supplicio
833 3708 951 3747 camere-

120 3778 264 3834 mandum
279 3779 457 3851 deputamus
468 3796 484 3834 a
496 3778 627 3836 Domine.
642 3780 695 3846 Oai
707 3798 773 3835 vero
785 3779 831 3851 pio
844 3779 952 3835 intuitu

119 3870 257 3924 castoset
267 3867 436 3923 observator
445 3867 814 3935 exstiterit,bcnedictionis
828 3868 952 3939 gratiam

120 3954 427 4012 amisericordissime
444 3956 502 4012 Deo
519 3961 618 4012 nostro
635 3958 773 4029 consequi
794 3961 950 4012 mercatur.

120 4048 149 4100 et
167 4043 232 4098 vitu
249 4048 361 4098 eterne
378 4044 524 4117 partic-eps
540 4046 615 4101 ellici
633 4051 788 4102 mereatur.
805 4044 952 4116 Scriptum

121 4147 173 4203 per
183 4146 289 4186 manas
301 4131 454 4186 Bonizzoni
459 4150 472 4186 s
484 4134 588 4187 notarii
599 4135 753 4204 regionarii
767 4138 796 4189 et
802 4132 953 4205 scriptoris

121 4221 229 4275 sancta
242 4218 380 4274 Romana
392 4218 527 4275 Ecclesiae
538 4220 567 4275 in
579 4238 680 4277 mense
691 4221 954 4293 Aprili,indictione

122 4325 160 4364 ix.
178 4307 255 4363 Bene
269 4304 371 4363 valete.

157 4395 284 4452 Datami
295 4393 417 4452 Kalend.
434 4396 541 4468 Aprilis
551 4415 602 4469 per
612 4415 734 4454 manum
745 4398 886 4471 Stephani
896 4401 954 4472 epi-

1005 3247 1224 3320 promulgantes
1244 3241 1735 3319 nempe,'cthecaactoritatebeati
1751 3255 1830 3313 Petri

1005 3335 1203 3409 apostolorum
1220 3336 1372 3408 principis,
1389 3354 1486 3394 eoram
1507 3339 1566 3395 Dco
1584 3345 1613 3396 et
1629 3341 1752 3399 terribili
1763 3347 1830 3418 ejas

1005 3427 1102 3480 sature
1114 3426 1247 3480 examine
1258 3420 1309 3497 per
1319 3426 1373 3482 hoc
1386 3432 1520 3483 nostram
1537 3429 1732 3500 apostolicam
1749 3433 1837 3506 privi-

1005 3513 1114 3586 legiam
1131 3518 1218 3586 atque
1234 3516 1427 3571 constitutam
1439 3517 1687 3591 sancimasatqae
1701 3521 1836 3579 decerni·

1007 3606 1120 3668 masat
1136 3602 1197 3659 loca
1213 3621 1276 3674 qaas
1293 3605 1329 3657 ab
1345 3605 1449 3660 abliate
1470 3606 1599 3677 quolibet
1613 3606 1755 3665 incedam
1771 3628 1836 3668 mo-

1007 3690 1134 3747 nasterio
1152 3696 1332 3747 commutata
1356 3693 1398 3748 vel
1425 3694 1513 3750 etiarn
1531 3712 1669 3752 concessa
1684 3704 1764 3767 snat,
1783 3718 1838 3759 nce

1007 3798 1064 3836 non
1080 3785 1109 3836 ct
1124 3781 1187 3835 elice
1204 3780 1344 3835 laicorum
1365 3783 1576 3853 possessiones,
1593 3802 1656 3857 qna
1672 3804 1689 3842 a
1704 3788 1837 3861 regibus

1006 3869 1049 3924 vel
1067 3870 1204 3937 ducibus,
1221 3876 1250 3924 et
1270 3887 1286 3924 a
1309 3871 1420 3925 caeteris
1445 3872 1617 3928 Christianis
1641 3875 1676 3929 ad
1699 3878 1839 3935 eumdem

1008 3964 1141 4013 sanctam
1167 3957 1264 4014 locum
1290 3958 1401 4031 largitas
1418 3965 1505 4031 atquc
1524 3961 1627 4017 oblata
1643 3968 1724 4031 sant,
1741 3969 1794 4021 aut
1809 3967 1840 4024 iu

1007 4052 1156 4117 posterum
1170 4045 1209 4100 illi
1221 4063 1365 4103 concessae
1376 4049 1484 4103 luerint
1496 4052 1580 4106 tirma
1595 4051 1756 4109 stabilitate
1764 4071 1838 4127 prae-

1008 4134 1076 4189 dicti
1092 4136 1261 4190 monasterii
1279 4136 1531 4210 existenda,atqnc
1547 4140 1576 4193 in
1593 4145 1765 4213 perpetuam
1777 4148 1837 4200 sta-

1006 4224 1332 4294 tuimaspcrmanenda.
1341 4226 1535 4282 Cericedimus
1544 4227 1632 4283 etiam
1645 4233 1673 4284 et
1683 4228 1840 4290 coufirma-

1008 4331 1074 4367 mas
1090 4313 1250 4384 apostolica
1274 4314 1446 4372 auctoritate
1472 4322 1505 4371 ut
1530 4317 1565 4373 de
1581 4316 1637 4373 alio
1657 4322 1837 4380 monasterie

1008 4402 1099 4457 abbas
1111 4402 1148 4456 ibi
1167 4419 1222 4457 non
1239 4402 1488 4473 eonstinatar,sed
1504 4405 1559 4477 ipsi
1575 4406 1648 4462 semi
1666 4407 1714 4464 Dei
1731 4424 1836 4465 secun·

122 4482 203 4556 scopi
226 4486 255 4540 et
278 4482 493 4541 bibliothecarii
520 4486 550 4540 S.
568 4486 602 4542 a.
616 4486 648 4540 a.
666 4504 742 4542 anno
766 4488 953 4558 pontificatus
974 4519 995 4583 D
1011 4491 1081 4545 darn
1094 4491 1224 4562 regulam
1237 4492 1310 4548 beati
1325 4493 1472 4549 benedicti
1488 4494 1723 4560 viventes,etiam
1734 4512 1770 4553 ex
1783 4514 1839 4557 saa

121 4572 235 4630 domiai
246 4572 393 4629 Benedicti
407 4574 588 4630 sanctissimi
599 4575 743 4647 Vllpapa
755 4576 783 4631 iu
797 4577 864 4632 sede
876 4576 952 4632 beuti
1012 4579 1128 4650 propria
1143 4581 1365 4652 congregatione
1376 4587 1549 4653 potestatem
1561 4583 1686 4656 eligendi
1699 4585 1838 4643 abbatem

121 4661 198 4718 Petri
214 4660 338 4733 apostoli
354 4679 406 4729 vn,
421 4661 584 4735 imperante
613 4665 720 4719 donario
742 4664 846 4720 Ottunc
861 4682 878 4719 a
895 4665 952 4721 lieo

121 4754 260 4807 coronato
275 4766 383 4823 magno
400 4751 587 4824 imperatore,
600 4770 749 4820 annexui,
766 4753 796 4807 ia
813 4769 912 4810 meme
925 4759 953 4810 et

121 4838 281 4896 indictione
296 4855 373 4895 nona
388 4838 522 4896 feliciter.
539 4840 642 4897 Ameh.

503 4948 573 5002 ΧΙΧ.

123 5050 272 5091 nsssmcrt
293 5051 373 5091 PAPAE
392 5053 431 5091 Vll
450 5053 584 5092 sutsreaa
603 5055 640 5092 nl)
661 5053 848 5093 alphearltunt
869 5053 953 5091 nbat-

393 5125 450 5162 'l'llbl
472 5126 680 5169 (missatartsaat.

444 5198 537 5267 (Antio
556 5198 631 5266 est).

124 5282 292 5340 Carteienses
315 5286 475 5339 rrwnrtsterii
493 5288 561 5356 jura
586 5288 727 5356 confinient
746 5295 771 5341 ct
785 5287 953 5358 pontificalia

332 5364 493 5411 oratiuncula
507 5358 598 5412 abluti
613 5359 741 5414 concedit.

220 5443 314 5515 (Apud
330 5443 435 5508 blansi,
451 5443 530 5499 Curre.
551 5450 622 5498 tom.
640 5445 710 5518 le',
727 5445 780 5501 cel.
796 5446 853 5513 55.)

159 5548 338 5604 Bsusmcrus
353 5550 631 5621 episcopusservus
646 5568 796 5608 servorum
808 5553 868 5618 Uei,
882 5554 949 5610 L1u-

1008 4667 1145 4723 balieant.
1155 4671 1278 4741 insuper
1291 4671 1380 4724 etiam
1397 4671 1586 4728 concedimus
1598 4672 1669 4729 utin
1681 4672 1839 4751 precipuis

1008 4758 1225 4821 testivitatibus,
1238 4758 1323 4812 idest
1339 4758 1367 4812 in
1378 4758 1473 4815 Natali
1491 4759 1716 4834 Domini,atque
1730 4762 1758 4816 in
1771 4762 1838 4836 tipi-

1008 4845 1125 4916 pbania,
1142 4852 1170 4900 et
1186 4846 1390 4918 purificatione
1414 4852 1522 4903 sancta
1540 4848 1649 4916 Maria,
1665 4850 1713 4905 die
1729 4850 1838 4908 Resur-

1008 4934 1156 4997 rectionis,
1174 4935 1415 5002 absconsionis,
1433 4937 1611 5003 Pentecoste,
1627 4941 1656 4992 et
1680 4938 1838 4996 testivitate

1008 5025 1037 5076 S.
1054 5022 1177 5076 lerninis
1194 5023 1340 5093 lmphata,
1360 5024 1386 5078 in
1411 5025 1552 5081 natalitiis
1576 5025 1789 5098 apestolorum,
1805 5028 1834 5084 ia

1008 5111 1215 5165 t'estiritatibus
1231 5111 1259 5164 S.
1279 5112 1375 5166 blarinr
1391 5119 1419 5167 ct
1435 5120 1615 5180 sarictcrnm,
1633 5132 1759 5186 quoram
1774 5132 1836 5172 me·

1008 5199 1139 5268 ritisjain
1152 5200 1262 5254 (lictum
1281 5204 1492 5258 monasteriam
1504 5204 1670 5258 dedicatam
1682 5205 1834 5267 esl,abba·³

1008 5288 1100 5360 ipsius
1117 5288 1168 5342 loci
1196 5288 1272 5342 intra
1296 5290 1455 5346 inissaium
1476 5291 1618 5346 solrinuia
1632 5291 1792 5349 dalmatica
1805 5298 1835 5349 et

1006 5376 1147 5431 sandaliis
1163 5382 1272 5431 utatur.
1286 5378 1314 5431 Si
1327 5380 1393 5449 quis
1405 5385 1513 5446 cartem,
1526 5381 1602 5452 quod
1614 5398 1671 5435 artu
1682 5385 1831 5453 optamus,

1007 5465 1115 5519 ncl'ario
1132 5483 1206 5520 riusa
1223 5468 1441 5539 praesumpserit
1460 5468 1505 5523 his
1521 5487 1583 5540 qua
1600 5488 1616 5524 a
1631 5468 1836 5526 uebisadlaa··

1006 5553 1072 5609 deur
1087 5554 1136 5610 Dei
1148 5572 1199 5626 pre
1211 5553 1439 5625 stabilitateJam
1451 5557 1521 5614 dicti
1537 5558 1707 5617 monasterii
1720 5561 1834 5618 statuta
