3900 6090
146 290 205 351 act

639 264 817 350 utrarum
841 290 878 351 in
903 291 1091 353 rrouonuu
1115 296 1362 360 ruuouunrcr.

1790 258 1848 372 aa

117 453 120 459 ·
145 441 241 508 temo,
259 456 371 495 „000011
386 438 554 510 impuram
564 439 695 495 (3011me
707 441 717 495 1
729 446 758 494 [q
772 439 870 494 comiti
887 439 972 496 fiber.
988 425 1128 491 Adstitit
1151 446 1227 486 atino
1245 434 1299 488 980
1313 435 1547 508 ingelheimieusi
1569 442 1779 510 convenietin
1795 458 1853 515 quo

115 523 121 531 ⁸
145 508 240 566 harde
261 528 295 567 cx
313 527 418 584 genere
434 515 562 580 paterno.
582 511 712 582 Scriptor
727 511 786 567 fere
801 511 921 582 equalis
939 512 975 567 de

147 579 198 636 illo
208 580 270 636 hac
279 581 383 638 tradit:
397 605 411 632 «
422 581 596 636 [leudericus
608 582 836 653 ririmpcratorii
848 583 974 653 generis,

145 652 258 725 ingenii
276 651 443 735 singularis,
462 652 497 706 ad
513 653 699 724 episcopatus.
714 645 884 708 cathedram
901 671 976 707 coru-

146 723 231 779 muui
261 741 393 779 omnuim
422 723 632 778 acclamatione
660 724 791 780 arcessit.
812 745 825 773 n
857 725 975 779 Litteris

145 811 267 867 operum
284 796 365 851 dedit
377 796 405 848 iu
419 795 596 850 monasterio
607 795 700 849 suncti
712 795 784 849 Galli
800 795 854 848 snb
868 794 974 849 calabri

145 866 274 922 beroldo
291 866 443 920 theristro.
460 867 480 921 F
482 871 563 920 ertnr
582 866 700 929 dixisse,
718 866 768 920 ubi
794 866 976 935 cognocitur

145 939 271 1010 antiqua
286 910 442 992 traditione
458 937 569 1007 primas
593 936 746 991 nomiman
771 937 974 1008 cpiscoporum

146 1009 324 1064 Meteosium
341 1007 599 1074 litteras,ruetallis
615 1008 708 1079 magis
724 1007 856 1062 minusve
869 1009 973 1078 pretio-

145 1084 199 1147 sis,
209 1097 261 1152 pro
271 1081 504 1150 uuiuscujusque
520 1080 642 1144 meritis,
656 1079 790 1149 scriptas,
803 1083 885 1133 tauta
900 1079 976 1133 frona

146 1152 296 1207 facturum
313 1156 345 1205 ut
360 1168 414 1205 sua
429 1153 549 1222 argento
565 1150 762 1222 sc1·ipta‚auro
773 1151 973 1204 adnotaretur.

146 1224 272 1279 Sacrum
287 1223 364 1277 diem
376 1222 560 1276 pentecostes
571 1221 665 1302 exegit
676 1238 723 1274 an.
735 1221 788 1275 965
799 1221 974 1302 Aquisgrani

145 1295 329 1351 incomitata
346 1293 460 1349 Ottonis
474 1291 657 1364 imperatoris
674 1297 702 1345 et
718 1292 862 1346 Brunours
879 1292 973 1346 archi·

145 1365 275 1437 episcopi
305 1363 497 1431 coloniensis,
514 1364 564 1434 qui
589 1362 675 1433 prurio
712 1368 765 1416 rost
788 1362 815 1416 iu
838 1363 973 1417 morbum

145 1436 260 1509 lapsus,
276 1436 382 1492 ltemos
401 1433 492 1489 voluit
511 1435 667 1506 deportari,
685 1381 733 1488 ulii
750 1434 785 1487 de
801 1435 859 1489 rita
874 1434 973 1501 cessit,

144 1512 358 1564 testamcutum
374 1523 462 1561 suum
479 1503 647 1628 relinquens
660 1505 688 1559 in
699 1505 836 1560 manibus
846 1504 974 1560 Theode

144 1580 198 1635 rici
210 1579 351 1634 Maiensis
367 1582 396 1632 et
410 1575 530 1632 Vicfridi
572 1576 739 1631 irduneusis
758 1576 971 1647 episcoporum,

144 1651 195 1725 qui
218 1652 284 1722 ejus
309 1649 412 1704 funera
436 1653 585 1703 curarunt.
602 1647 702 1710 Astitit
721 1647 810 1702 etiam
826 1647 881 1703 hoc
896 1663 972 1702 anno

144 1722 351 1794 episcoporum
365 1718 518 1775 conventui
535 1717 659 1774 Coloniae
679 1718 788 1784 habito,
807 1718 835 1772 in
851 1735 908 1790 quo
924 1718 971 1771 fir·

144 1799 226 1850 meta
242 1797 288 1848 est
302 1792 434 1847 fundatio
450 1789 577 1846 ecclesie
603 1788 760 1861 collegiatae
785 1789 878 1844 saneti
895 1789 970 1844 Mar·
985 1793 1009 1858 B

144 1865 199 1920 tini
216 1862 398 1920 Leodieusis.
415 1862 498 1917 Circa
513 1860 541 1914 id
559 1865 675 1932 tempus
699 1859 798 1916 villam
818 1859 851 1913 Vi
875 1860 971 1915 iarum

145 1941 174 1992 et
189 1934 250 1992 alia
264 1935 399 2007 quaedam
415 1931 543 1988 restituit
554 1948 656 1987 monas
666 1930 725 1985 erio
740 1931 834 1987 sancti
848 1875 969 1985 lrnulh.

143 2006 307 2064 Ecclesiam
325 2003 494 2060 monasterii
509 2003 543 2058 dc
558 2001 730 2076 Vergavilla‚
747 2019 839 2074 nuper
860 2000 973 2057 fundati

145 2080 175 2134 iu
191 2077 335 2133 honorem
350 2077 441 2135 beata
455 2074 584 2146 Virginis
600 2091 632 2130 ac
649 2077 815 2130 sauctorum
832 2072 973 2199 apostolo-

145 2147 372 2216 rum,dedicavit
381 2165 458 2203 auno
468 2146 531 2201 966.
541 2149 748 2217 Imperatorem
764 2162 851 2200 conso
874 2143 972 2199 riuum

144 2226 266 2279 secutus
276 2219 307 2275 in
318 2217 444 2285 ltaliam,
458 2216 518 2272 illic
551 2234 582 2272 cr
597 2215 754 2272 triennium
769 2221 903 2270 versatus
917 2220 971 2270 est.

143 2293 203 2350 liae
213 2290 367 2348 occasione
378 2307 460 2356 usus,
472 2233 657 2344 mullashinc
666 2287 732 2342 inde
742 2286 881 2368 reliquias
890 2285 973 2341 colle-

144 2365 189 2439 git
204 2368 234 2418 et
247 2361 399 2418 transferri
416 2359 528 2417 curavit
543 2377 590 2416 aa.
606 2359 659 2412 uto
672 2357 701 2413 iu
718 2362 811 2413 saneti
828 2356 972 2412 Vincentii

144 2434 371 2498 monasterium,
387 2432 465 2505 quod
480 2431 541 2503 ipsc
558 2431 587 2485 in
603 2429 682 2484 illins
698 2428 778 2483 urbis
793 2427 972 2483 insultante

144 2507 298 2562 biennium
315 2507 506 2563 exstruxerat.
522 2507 551 2558 et
567 2500 712 2573 preclaris
736 2499 867 2554 adificiis
891 2516 972 2553 exor-

145 2582 275 2632 naverat.
289 2576 413 2647 Recepto
424 2575 454 2629 iu
464 2573 565 2629 eodeni
577 2572 670 2627 sancti
682 2570 826 2625 vincentii
842 2568 973 2625 cmuobio

145 2653 255 2704 sancta
281 2646 376 2702 Lucia
399 2662 529 2717 corpure,
545 2644 704 2700 oratorium
731 2642 839 2696 ibidem
865 2642 893 2696 iu
909 2642 973 2710 ejus

144 2720 299 2786 honorem,
317 2718 417 2773 statim
442 2715 583 2771 adificare
606 2714 703 2786 coepit.
718 2712 918 2783 dedicavitque
933 2729 973 2766 ru

144 2792 216 2847 Idus
241 2787 365 2862 Augusti
385 2805 431 2843 an.
449 2788 515 2853 972,
530 2785 754 2857 cooperantibus
769 2784 824 2838 sihi
840 2799 972 2854 compro-

143 2860 321 2917 vincialibus
337 2859 491 2932 episcopis,
508 2859 636 2914 Gerardo
656 2854 786 2911 Tullcusi
803 2861 831 2909 et
845 2853 973 2909 Vicfrido

143 2930 333 2989 virdunensi.
344 2933 376 2985 ln
384 2947 458 3002 pago
466 2927 700 2985 Calvomonteusi
710 2927 805 2981 locum
816 2925 972 2998 quemdam

145 3005 224 3060 iuter
238 3001 390 3059 Mosellam
406 3008 434 3056 et
450 3005 580 3057 mentem
601 2999 740 3065 vicinum,
758 2997 806 3069 qui
822 2994 974 3053 vernacule

143 3074 244 3150 Spinol
259 3076 387 3139 vocatur,
404 3072 501 3128 divino
518 3071 670 3126 famulatui
687 3075 787 3140 aptum
814 3067 973 3140 reperiens,

1030 503 1855 570 statutumestutmouastcriaStabnlenseetldalmnuda·

1030 582 1125 663 rieusp
1140 575 1304 632 coadunata
1319 583 1594 638 remanerentllnm
1610 602 1659 640 rex
1674 585 1740 641 otto
1753 587 1855 643 adver·

1030 659 1081 707 sus
1096 646 1210 701 bracos
1225 654 1254 701 et
1279 648 1438 706 Saracenos
1464 653 1492 706 in
1518 655 1651 711 Calabria
1675 656 1857 728 praeliaretur

1030 742 1078 779 an.
1090 717 1357 781 usatbmdcricus
1368 728 1397 776 ct
1409 723 1598 796 Theophanis
1608 729 1741 807 Augusta
1751 744 1856 801 pugne

1030 792 1163 868 ergutum
1183 789 1318 869 ltossanm
1341 794 1593 864 praestolabantur,
1612 800 1660 853 ubi
1677 799 1857 854 resciverunt

1030 864 1188 921 exercitum
1201 862 1380 931 imperialem
1394 866 1579 937 profligatum
1594 870 1854 942 fuisse‚ipsumque

1030 934 1232 1008 imperatorem
1250 938 1351 987 natatu
1368 936 1492 991 salutem
1509 940 1688 1009 quaesivisse.
1700 941 1751 995 Cui
1768 958 1853 1011 opem

1029 1009 1103 1061 l'crre
1114 1001 1310 1057 'Theodericus
1321 1021 1386 1058 mox
1399 1009 1680 1077 properaritllabita
1696 1017 1765 1066 suut
1776 1028 1853 1067 anuo

1028 1082 1081 1133 9⁸3
1096 1078 1214 1130 l'eronre
1231 1075 1348 1130 coniitia
1364 1075 1392 1129 in
1409 1079 1517 1148 quibus
1532 1081 1597 1135 Otto
1613 1081 1637 1136 ll
1653 1097 1851 1138 successorem

1029 1167 1116 1205 suum
1133 1145 1309 1224 rettuutiarit
1323 1148 1456 1202 Ottonem
1476 1150 1522 1218 ΙΙΙ,
1546 1152 1713 1207 astantibus
1737 1152 1850 1225 imperii

1029 1215 1225 1293 magnatibus
1243 1218 1402 1288 presertim
1419 1221 1607 1288 Theoderico,
1623 1223 1673 1295 qui
1686 1224 1764 1295 apud
1775 1224 1852 1297 prin·

1028 1292 1121 1363 cipem
1147 1289 1243 1369 gratia
1260 1288 1429 1370 plurimum
1458 1293 1580 1360 valebat,
1597 1294 1851 1367 sanctioribusque

1027 1363 1053 1418 ei
1064 1367 1127 1418 crat
1137 1379 1153 1415 a
1164 1358 1304 1414 consitus.
1315 1361 1421 1416 Eodem
1433 1380 1509 1419 anuo
1520 1365 1705 1437 imperatoris
1719 1367 1852 1437 ejusdem

1029 1435 1126 1490 llonra
1156 1432 1315 1487 defuncti?
1336 1432 1504 1490 Decembris
1532 1436 1684 1492 funeribus
1708 1437 1850 1493 interfuit.

1028 1506 1172 1578 Perquam
1187 1503 1363 1575 promotioni
1378 1504 1581 1575 Adalhcronis
1591 1508 1619 1562 iu
1635 1508 1850 1565 Virduneusem

1027 1577 1303 1656 episcopantuuper
1317 1574 1411 1643 electi,
1429 1577 1604 1646 contrarius,
1615 1595 1731 1652 gravem
1748 1579 1852 1635 hahuit

1028 1653 1254 1704 controversiam
1285 1661 1352 1700 cum
1382 1648 1482 1703 Carolo
1514 1666 1531 1704 a
1558 1651 1679 1706 Francia
1705 1650 1851 1707 inferioris

1029 1717 1222 1800 Lethariugia
1238 1717 1311 1771 duce
1322 1717 1454 1788 partibus
1470 1720 1660 1777 Adalheronis
1675 1720 1802 1791 addicto,
1814 1723 1851 1777 ad

1026 1807 1113 1918 quem
1138 1786 1292 1862 epistolam
1318 1788 1436 1860 scripsit
1455 1791 1626 1848 acerrimam
1640 1812 1647 1860 ;
1662 1792 1852 1864 vicissimque

1052 1862 1186 1916 erbertus
1196 1858 1288 1914 Caroli
1296 1861 1619 1918 nomineatrocissimas
1629 1863 1740 1918 litteras
1751 1863 1852 1919 rescri-

1027 1934 1324 2005 psit,uteenstatcxe
1348 1930 1441 1986 istolis
1457 1931 1597 2001 Gerberti,
1614 1935 1700 2005 enjus
1714 1934 1851 1991 dumella

1027 2010 1096 2059 sunt
1111 2001 1239 2093 epistola
1255 2000 1290 2056 ud
1304 1947 1527 2069 Tlieodericum,
1537 2054 1539 2057 .
1551 2021 1618 2059 uem
1631 2009 1715 2062 vocat
1727 2005 1850 2062 Dederi-

1026 2092 1098 2130 cum.
1112 2075 1304 2145 huncupatur
1313 2072 1510 2129 Theodericus
1524 2075 1693 2139 diloraelent
1706 2076 1734 2130 in
1745 2075 1851 2133 litteris

1027 2145 1141 2201 Ricuiui
1155 2143 1302 2225 Tullensis
1312 2144 1440 2226 episcopi
1451 2162 1503 2217 pro
1514 2149 1690 2233 monasterip
1701 2147 1851 2220 Spinaleu-

1026 2217 1062 2272 si.
1080 2216 1205 2272 llillinus
1221 2215 1401 2271 'trevirensis
1414 2233 1445 2270 ru
1461 2218 1681 2276 confirmatione
1705 2219 1849 2275 bonorum

1025 2289 1158 2360 ejusdcm
1169 2287 1224 2344 loci
1234 2303 1301 2342 eum
1314 2287 1446 2342 nominat
1455 2288 1666 2347 Theodericum
1681 2292 1714 2348 dc
1727 2292 1850 2359 damula,

1026 2359 1250 2432 cognominatur
1264 2357 1352 2413 etiam
1371 2359 1475 2415 Status.
1493 2360 1533 2415 De
1548 2360 1607 2417 vita
1623 2363 1759 2436 migravit
1772 2361 1819 2419 die
1832 2365 1851 2418 7

1026 2430 1851 2503 Septembrisautrnbtllscpultusquecstiumonasterio

1027 2502 1120 2558 sancti
1135 2501 1278 2555 Viuccnlii
1294 2501 1372 2571 quod
1388 2502 1564 2558 condiderat.
1574 2504 1646 2558 Cum
1662 2509 1729 2578 post
1739 2510 1850 2560 trecen·

1027 2579 1072 2628 los
1087 2590 1179 2627 annos
1194 2570 1328 2627 tumulus
1348 2573 1411 2642 ejus
1437 2580 1583 2629 reseratus
1607 2575 1721 2645 fuisset,
1738 2580 1851 2647 reperta

1027 2651 1097 2700 sunt
1111 2646 1176 2714 ‹rjtrs
1191 2647 1362 2699 ornamenta
1386 2645 1566 2715 pontificalia
1588 2647 1710 2718 integra,
1727 2649 1851 2719 eJ'usque

1027 2733 1094 2771 ossa
1110 2715 1258 2771 recondita
1274 2715 1391 2769 fuerunt
1406 2714 1435 2769 in
1452 2733 1570 2787 capsam
1587 2716 1726 2787 ligneam,
1740 2735 1805 2789 qua
1820 2716 1850 2771 in

1026 2786 1114 2841 choro
1139 2786 1293 2859 exponitur
1317 2787 1364 2840 die
1382 2787 1447 2857 ejus
1475 2787 1676 2857 anniversarii,
1713 2806 1745 2844 ro
1765 2788 1851 2859 cujus

1027 2857 1220 2914 celebratione
1231 2859 1332 2913 cadem
1344 2862 1515 2915 ornamenta
1526 2859 1555 2912 in
1564 2876 1651 2914 usum
1663 2877 1679 2916 a
1711 2858 1848 2915 ribentur.

1223 3017 1444 3073 EPlePllllllll
1461 3018 1689 3077 Tttuuuuftlct.

144 3144 358 3204 monasterium
383 3143 442 3200 illie
462 3142 624 3199 construxit
648 3158 680 3196 ae
705 3139 844 3210 reliquias
875 3138 970 3194 sancti
990 3157 1011 3224 c
1063 3153 1114 3208 115„-
1129 3152 1304 3207 modericus
1319 3168 1459 3223 generoso
1474 3151 1617 3224 sanguine
1632 3154 1719 3207 „aius

143 3217 257 3276 Goerici
273 3215 401 3290 episcopi
411 3214 549 3271 Metensis
561 3213 717 3269 transtulit.
731 3212 796 3267 Sua
805 3211 893 3266 etiam
905 3226 969 3266 mu-

143 3288 301 3346 nificentie
324 3287 493 3343 testimonia
516 3284 648 3340 exhibuit
671 3282 856 3338 monasteriis
876 3281 969 3337 sancti

142 3359 258 3417 Aruulfi
267 3363 296 3416 et
305 3357 400 3415 sancti
416 3357 491 3414 Petri
503 3355 651 3412 llletensis.
665 3355 772 3410 Fanter
783 3354 838 3409 fuit
848 3370 881 3409 ac
892 3356 972 3407 tuter

143 3430 340 3489 Parthenonis
352 3430 386 3484 de
398 3434 496 3485 monte
512 3427 604 3483 sancti
621 3425 776 3491 flamerici,
785 3442 842 3498 quo
853 3423 971 3479 nomino

143 3501 323 3574 subscripsit
333 3501 448 3556 cuidam
458 3498 565 3555 charte
576 3497 752 3560 Gislratuuc
768 3495 908 3567 temporis
923 3494 972 3550 ab·

144 3572 350 3631 natissaeeum
362 3571 463 3626 multis
479 3570 544 3625 aliis
555 3575 615 3624 tam
628 3567 772 3640 episcopis
782 3583 870 3639 quam
882 3565 971 3621 ahba-

143 3647 227 3703 tibus
242 3645 280 3699 ab
295 3645 399 3699 Ottonc
414 3642 438 3697 ll
455 3658 555 3697 curam
567 3640 679 3712 accepit
694 3638 880 3693 restituenda
891 3652 972 3707 regu·

141 3716 217 3774 laris
232 3713 394 3787 disciplina
410 3713 440 3768 iu
455 3711 632 3768 monasterio
656 3709 750 3765 sancti
765 3708 849 3764 Galli.
867 3709 973 3763 Faetus

143 3792 190 3845 est
203 3786 314 3843 audflh
326 3784 434 3841 arbiter
444 3801 502 3839 una
514 3800 581 3839 cum
595 3781 755 3837 Hildehodo
767 3777 973 3835 wormatiensi

146 3876 162 3915 e
185 3859 247 3915 isco
270 3875 287 3913 o
316 3861 411 3922 mota,
429 3872 517 3927 super
546 3855 611 3909 navi
634 3853 730 3908 atione
754 3857 783 3906 et
806 3867 862 3906 usu
879 3849 975 3904 amuis

175 3875 296 3995 ursillae,
312 3927 513 3983 controversia²
529 3870 834 3980 interll'erinherium
849 3920 974 3976 Fuldcn·

147 4017 211 4058 sem
235 4007 264 4056 et
288 4000 462 4055 Gozberium
491 3995 725 4052 Hersfeltfensem
755 3994 887 4049 abbates,
903 3991 976 4046 lura

147 4071 260 4146 regalia
268 4070 299 4127 in
308 4070 412 4126 urbem
426 4067 765 4135 Metensem,iutcrrentu
780 4063 975 4135 Theophanis

147 4141 358 4216 imperatricis,
375 4140 412 4197 ab
427 4141 491 4213 ipso
518 4137 650 4211 principe
674 4138 786 4209 acecpit
813 4152 889 4191 euno
911 4133 973 4188 977.

1097 3242 1207 3313 Regum
1223 3241 1371 3312 progenie,
1388 3258 1493 3296 nomeu
1509 3241 1621 3296 habeus
1636 3239 1758 3296 celebre.

1060 3330 1181 3386 Cesaris
1196 3328 1310 3384 Ottonis
1322 3327 1417 3400 tetigit
1432 3344 1520 3400 quem
1534 3326 1613 3384 linea
1627 3328 1734 3396 carnis,

1096 3419 1187 3491 Cujus
1200 3417 1329 3474 consiliis
1341 3417 1411 3488 jura
1425 3417 1504 3474 dedit
1517 3415 1644 3490 populis.

1062 3508 1147 3563 Luxit
1160 3507 1237 3563 enirn
1255 3506 1364 3561 mundo
1381 3523 1432 3561 ceu
1449 3506 1532 3562 sidus
1548 3505 1658 3562 lumine
1671 3504 1767 3580 plene,

1096 3597 1216 3651 Actibus
1231 3595 1355 3661 eximiis,
1369 3595 1500 3650 moribus
1514 3594 1649 3668 egregiis.

1064 3685 1145 3740 Unde
1161 3685 1333 3739 llletteusem
1349 3682 1457 3739 meruit
1471 3684 1665 3740 conscendere
1678 3683 1778 3740 sedem

1100 3774 1152 3840 Qui
1171 3773 1244 3828 rexit
1259 3772 1347 3845 digua
1362 3771 1495 3844 presulis
1511 3773 1618 3828 officio.

1063 3862 1167 3918 Aulam
1183 3863 1259 3918 hanc
1274 3861 1383 3917 coelcsti
1399 3862 1505 3917 struxit
1520 3875 1571 3933 pro
1587 3876 1708 3917 munere
1724 3861 1793 3933 Regi

1101 3953 1198 4009 Rebus
1214 3968 1302 4023 quam
1319 3951 1401 4006 miris
1416 3949 1540 4022 compsit
1555 3954 1583 4005 et
1598 3949 1771 4005 innumeris.

1066 4041 1168 4097 ldihus'
1180 4041 1301 4098 ebdenis
1317 4039 1497 4112 Septembris
1508 4040 1571 4111 jam
1587 4038 1736 4107 revolutis,

1101 4131 1243 4188 Decessus
1259 4132 1335 4187 sorte
1350 4127 1497 4185 clauditur
1510 4127 1565 4184 hoc
1580 4126 1670 4184 silice.

463 4463 747 4551 xIlHY'lHMI
776 4462 833 4548 ΙΝ
861 4456 1139 4546 HONOllEll
1169 4459 1204 4543 T
1207 4453 1532 4543 HEODERICI.

265 4670 324 4752 (Ex
341 4669 515 4748 Sigeherlo,
534 4669 565 4729 in
581 4668 652 4732 Vita
666 4664 862 4737 Theoderici,
880 4662 965 4744 apud
982 4665 1080 4736 Perlz,
1096 4662 1235 4726 lllouum.
1250 4663 1353 4723 Germ.
1370 4660 1456 4739 hist,
1473 4661 1573 4739 Scrip.
1592 4665 1669 4722 tom.
1687 4657 1750 4739 tv.)

300 4995 475 5052 Decdericus
490 4993 643 5066 sanguine,
660 4989 801 5056 moribus,

264 5083 359 5140 Claris
373 5083 502 5155 prolecto
517 5081 622 5141 clarior
636 5079 783 5144 omnibns,

265 5175 290 5227 Α
300 5189 366 5245 rego
381 5171 508 5228 clarebat
523 5170 680 5237 secundus,

263 5260 319 5316 Vix
333 5260 419 5317 alicui
433 5261 489 5318 sab
504 5277 537 5318 eo
552 5259 708 5324 sccundus,

302 5349 354 5406 llic
369 5351 562 5408 consobrinus
576 5347 698 5406 Castris
712 5344 811 5418 inclyti

267 5439 399 5496 llaerebat
413 5438 455 5494 illi
470 5439 581 5496 militia
596 5443 624 5495 et
639 5437 729 5508 domi,

267 5527 360 5601 Regni
377 5528 471 5584 ferens
487 5532 585 5600 partes
600 5528 754 5594 secundas,

268 5616 391 5680 Generis
406 5615 603 5690 moriensque
617 5632 712 5674 curas.

319 5735 459 5824 Terret.
483 5733 656 5801 cxxxvii.

999 4990 1023 5053 D
1180 4984 1271 5056 [tegni
1286 5000 1337 5055 per
1351 4982 1433 5038 illum
1449 4986 1555 5038 cuneta
1569 4985 1695 5056 negotia,

1146 5075 1180 5129 Et
1189 5075 1259 5145 jura
1272 5073 1391 5128 stabant
1405 5070 1611 5128 ecclesiastiea.

1146 5163 1238 5230 llilcs,
1255 5165 1383 5228 senatus,
1400 5159 1476 5233 regis
1490 5161 1556 5217 aula

1145 5250 1328 5323 Suspiciehat
1342 5251 1378 5306 ad
1394 5251 1458 5321 ejus
1472 5268 1533 5308 ora.

1182 5340 1241 5396 ilex
1255 5339 1321 5396 Otto
1335 5339 1415 5396 clavo
1430 5339 1502 5396 dum
1517 5341 1726 5399 moderaminis

1148 5430 1204 5485 ltes
1219 5429 1393 5485 fluctuantes
1407 5429 1496 5487 ltalia
1510 5430 1598 5488 uimis

1150 5519 1203 5577 Per
1213 5520 1282 5591 jura
1297 5519 1487 5592 tranquillare
1502 5520 1582 5594 pacis

1151 5610 1256 5672 Tentat
1270 5609 1389 5689 ubique,
1406 5608 1493 5672 malis
1506 5609 1636 5688 remotis

1680 5728 1738 5813 u.
