3900 6090
136 254 214 321 list
626 257 678 320 llll
701 258 830 321 OPERA
855 258 1121 322 HllO'I'SUl'l'liAE
1143 260 1349 322 aeranem.
1763 264 1845 327 tlte

169 390 233 450 Neu
248 392 344 448 lucrat
358 391 442 448 lama
458 393 615 448 ambitiosa
629 411 699 450 sue.
972 393 1049 462 Aut
1064 411 1120 467 quo
1136 393 1177 449 nil
1192 412 1323 467 unquam
1337 394 1382 451 vel
1398 396 1477 452 cordi
1492 398 1606 470 gratius
1621 403 1708 466 esset,

133 479 216 538 Hune
231 479 280 537 hic
295 480 470 554 constringit
484 480 634 552 manibus,
649 480 721 555 quia
743 482 872 555 plurima
883 487 958 542 uate
1048 484 1105 539 Aut
1118 482 1182 557 ipso
1199 489 1276 540 certa
1291 484 1445 556 pulchrius
1460 485 1579 543 intuitu.

168 571 264 643 Atque
276 568 425 626 coancillis
441 570 567 626 contulit
582 571 645 644 ipse
660 571 734 629 suis.
1014 572 1082 629 Post
1097 573 1197 630 ubido
1212 590 1315 630 somno
1331 573 1415 631 latus
1430 591 1498 632 mex
1512 576 1707 649 copulassem,

130 658 189 717 Hoc
205 661 355 731 meritum,
371 659 427 716 hee
442 664 497 731 est,
515 661 593 733 quod
616 679 684 720 eum
705 663 769 734 jam
786 663 909 736 jamque
920 662 960 719 la·
1050 662 1138 718 Grata
1153 663 1225 719 satis
1240 661 1375 720 mihimet
1385 664 1459 720 visio
1472 665 1537 721 visa
1551 665 1625 735 lhit;

176 775 178 778 ’
830 755 958 827 [beatem
1015 750 1097 806 Unde
1112 751 1159 807 die
1176 751 1252 807 lacta
1266 769 1334 808 mex
1348 751 1446 825 ipsum
1461 753 1602 810 fratribus
1618 755 1680 828 ipse

164 841 188 897 Α
204 857 274 896 casu
290 840 374 912 plene
390 841 501 913 eripuit
515 842 637 913 duplici.
1051 840 1165 898 Nostris
1182 842 1314 913 exposui,
1331 843 1461 915 quidque
1473 844 1547 900 soret
1561 845 1659 900 retuli.

133 928 207 988 Nam
223 930 301 1000 quod
317 931 455 988 nobilitas
471 931 539 987 tulit
553 935 604 986 aut
617 936 733 989 terrena
747 936 887 1005 potestas,
1016 929 1056 984 Te
1071 929 1199 1002 Gcrherg
1214 930 1393 987 abbatissam
1411 932 1480 1002 fore,
1497 949 1608 1005 proquo
1622 952 1722 989 sorore

169 1019 229 1076 Hoc
243 1019 434 1094 eleemosynas
450 1022 638 1078 reddiderant
649 1022 745 1078 variae.
1051 1017 1147 1073 Vestri
1162 1022 1310 1075 tenturam
1326 1021 1452 1077 caenobii
1468 1022 1608 1094 regimen.

132 1107 202 1178 Vos,
219 1110 269 1180 qui
285 1109 332 1165 his
347 1109 455 1165 uterini
471 1111 580 1183 pariter
595 1127 662 1167 cum
678 1112 802 1184 conjuge
817 1112 908 1184 digna
1016 1107 1075 1163 lloc
1091 1108 1199 1163 etenim
1215 1111 1388 1181 pertendere
1402 1110 1502 1183 regula
1517 1117 1617 1169 nestra
1630 1113 1759 1179 videtur,

170 1196 267 1270 Ipsius
283 1198 348 1254 sitis
363 1203 503 1273 perpetuo
519 1216 674 1257 memores.
1052 1198 1146 1264 Quam
1163 1198 1250 1285 modo
1262 1202 1293 1253 tu
1307 1199 1427 1268 retines,
1443 1199 1508 1272 ipsa
1522 1201 1605 1272 prius
1619 1202 1727 1259 tcuuit.

133 1285 199 1344 llaec
215 1287 333 1356 etenim,
349 1288 556 1361 haecest,quoe
572 1289 961 1364 ramumpreuderepalmia
1017 1285 1108 1342 Parva
1135 1286 1267 1357 quidem,
1296 1288 1367 1359 quia
1396 1305 1503 1361 parvus
1531 1290 1625 1346 adbuc
1651 1308 1724 1365 grex
1752 1296 1854 1350 vester

169 1375 236 1432 Hac
251 1392 314 1448 quse
326 1376 527 1453 eleemosynas
543 1380 637 1436 sunsit
652 1381 678 1437 ei
693 1381 800 1439 varias,
1053 1374 1109 1430 Sed
1125 1374 1198 1431 bene
1213 1375 1389 1449 conscripta,
1405 1377 1442 1434 eb
1455 1377 1504 1450 pia
1518 1379 1594 1435 saeta
1604 1383 1667 1435 tua.
1697 1380 1851 1454 [habetun

132 1462 191 1521 Vos
205 1464 361 1522 debitrices
377 1467 467 1523 simul
483 1469 554 1524 estis
570 1469 687 1542 utrique
702 1471 825 1544 parenti,
1017 1463 1052 1519 El
1065 1479 1141 1532 Vffl'e,
1158 1481 1249 1534 ⁸⁰r0P.
1266 1468 1300 1520 ut
1315 1464 1385 1534 (¹5¹5,
1401 1465 1441 1520 nil
1456 1466 1608 1538 pulchrius
1621 1485 1768 1542 unquam,

169 1552 233 1611 Una
247 1571 315 1611 cum
330 1557 454 1626 cunetis,
471 1574 546 1629 quas
560 1563 639 1615 tenet
654 1558 702 1616 ille
717 1560 810 1618 locus.
1052 1553 1087 1608 El
1102 1552 1208 1610 melius
1223 1553 1368 1627 seriptum
1384 1571 1431 1610 me
1447 1555 1541 1612 recolo
1556 1556 1710 1614 intuitum.

130 1641 222 1711 Quam
233 1643 367 1715 Domino,
384 1646 553 1719 sanctisque
567 1648 630 1704 suis
645 1649 748 1706 dautes
763 1649 926 1707 valuerunt
1017 1643 1158 1709 Quocirca
1172 1641 1241 1700 1in
1256 1648 1286 1700 θῑ
1299 1643 1423 1713 (ῘθῙθᾶῐΠ,
1441 1649 1470 1701 θῑ
1483 1661 1599 1718 881111)θῖ
1610 1646 1759 1706 doliturus

166 1731 285 1790 Cunctis
300 1751 488 1792 communem
502 1737 591 1793 allero
604 1754 654 1810 per
669 1738 838 1797 Dominum.
969 1795 971 1799 Α
980 1769 1004 1834 B
1053 1731 1098 1787 ΜΘ
1113 1734 1170 1788 Sim
1185 1731 1309 1802 livente»
1327 1732 1402 1790 ¹¹⁸ssss
1418 1733 1595 1792 Obi18⁸0⁰it0
1609 1752 1619 1793 t

129 1820 188 1878 Vos
202 1823 273 1880 estis
287 1840 357 1898 grex
370 1824 420 1882 ille
435 1842 526 1896 sacer,
542 1843 630 1899 quem
644 1826 755 1887 solvero
767 1831 874 1901 gratas,
1021 1820 1203 1878 Successisse
1217 1826 1316 1878 maren
1329 1827 1436 1879 sancta
1452 1827 1481 1879 te
1494 1825 1607 1896 gaudeo
1621 1832 1759 1885 sanctam

165 1910 245 1969 Vidit
258 1913 306 1970 hio
320 1915 350 1970 in
366 1915 478 1972 somnis
493 1916 537 1970 vir
550 1916 673 1975 Domino
688 1916 825 1989 placitus.
1056 1910 1172 1983 Ipsique
1187 1916 1219 1968 ut
1234 1928 1330 1980 carne,
1347 1912 1390 1968 sie
1405 1913 1542 1970 comitem
1558 1916 1673 1972 merito.

132 2000 280 2074 Quidquid
291 2020 418 2077 namque
429 2005 497 2061 honi
511 2005 616 2074 facitis,
628 2005 683 2063 hoc
693 2008 728 2064 ad
743 2007 797 2063 hac
809 2009 963 2076 remeabit,
1020 1998 1093 2055 Nam
1110 2000 1243 2072 quamvis
1258 1999 1330 2057 elias
1346 2018 1462 2074 quoque
1476 2003 1629 2061 vobiscum
1646 2006 1706 2063 lere
1720 2012 1854 2078 constet,

166 2090 221 2158 Qui
235 2091 317 2147 vobis
333 2090 418 2148 illum
433 2092 488 2148 rite
503 2094 609 2148 dodana
625 2092 732 2152 lanum,
1055 2090 1122 2154 Quae
1138 2092 1260 2162 possent
1273 2090 1360 2146 subdi
1376 2108 1434 2146 noa
1451 2092 1538 2148 modo
1553 2093 1624 2149 huie
1638 2095 1740 2164 oneri;

134 2179 281 2252 Praeipuo
297 2185 395 2237 tamen
412 2180 466 2237 hoc
481 2181 518 2238 ad
533 2181 608 2238 hanc
624 2185 729 2253 merito
744 2188 895 2254 remeabit,
1020 2177 1060 2234 Τθ
1076 2180 1174 2234 lamen
1189 2182 1218 2234 0²
1232 2179 1336 2251 mihil
1350 2179 1449 2248 Simul,
1467 2184 1495 2238 el
1510 2182 1641 2238 b0ssiltlo
1657 2182 1790 2241 solebam

170 2271 238 2336 Qua
253 2287 304 2328 vos
320 2271 452 2339 nutrivit,
470 2288 533 2343 qua
550 2272 637 2328 simul
654 2273 795 2332 instituit.
1055 2265 1117 2322 Non
1133 2266 1228 2339 injure
1244 2267 1300 2324 sibi
1313 2267 1423 2341 optime
1438 2269 1588 2326 substitui.

137 2357 200 2425 Qua
214 2357 250 2413 de
266 2375 296 2415 re
310 2358 446 2431 precihus
461 2375 512 2432 pro
525 2360 589 2428 hae,
607 2363 685 2433 quod
700 2364 832 2435 poscitis,
848 2364 904 2421 atsi
1019 2354 1055 2411 Ut
1070 2356 1215 2428 siquidem
1232 2357 1329 2413 caruis
1343 2357 1399 2414 sibi
1411 2359 1479 2431 jure
1494 2360 1660 2434 propinqua
1673 2361 1779 2430 luisti;
1798 2365 1802 2370 '

171 2446 267 2519 Ipsius
282 2447 345 2520 ipse
360 2448 455 2520 magis
472 2449 620 2522 indigeam
637 2452 785 2524 precihus,
1054 2445 1101 2502 Sic
1114 2444 1215 2501 itidem
1231 2447 1344 2503 meritis
1359 2448 1491 2519 proxima
1504 2453 1537 2504 tn
1552 2451 1661 2506 lueres.

134 2534 194 2592 Hoc
209 2552 259 2592 ves
276 2553 362 2593 nesse
375 2535 449 2606 volo,
470 2537 564 2610 ipsius
582 2540 775 2614 quoadusque
790 2546 963 2616 superstans
1018 2533 1150 2607 Denique
1165 2538 1194 2590 te
1209 2553 1287 2592 nunc
1301 2553 1355 2592 uos
1370 2537 1434 2608 ejus
1449 2538 1612 2611 gaudemus
1627 2539 1740 2596 honore

171 2625 253 2693 Sum,
271 2642 384 2683 mernor
398 2626 462 2698 ipse
477 2627 534 2683 mei
551 2644 598 2684 me
614 2644 775 2687 memorem
791 2631 865 2687 fieri.
1055 2622 1173 2679 Dudum
1188 2625 1363 2698 condignam
1379 2629 1450 2682 tuno
1465 2626 1520 2683 sibi
1537 2627 1728 2700 discipulam,

135 2713 193 2772 Nee
208 2715 244 2771 de
257 2716 343 2772 corde
357 2732 421 2772 meo
436 2732 491 2773 aua
505 2717 594 2774 chara
609 2720 719 2775 recedit
730 2718 838 2793 imago,
1019 2713 1075 2768 Sed
1092 2714 1178 2769 modo
1194 2713 1338 2770 haeredem
1354 2715 1474 2788 dignum
1488 2715 1682 2773 nihilominus
1698 2719 1764 2790 ejus

170 2802 222 2860 Vel
239 2820 306 2861 cum
322 2804 458 2873 dormito,
472 2804 517 2862 vel
532 2807 631 2879 potius
645 2806 745 2881 vigilo.
1055 2801 1120 2857 Sive
1135 2802 1318 2873 monasterii,
1333 2803 1393 2860 sive
1408 2804 1449 2876 pii
1465 2804 1572 2862 meriti.

138 2892 270 2965 Denique
286 2911 354 2950 oum
368 2895 466 2967 vigilo,
484 2896 520 2952 do
536 2895 590 2953 hae
604 2897 648 2955 vel
663 2914 754 2970 penso
770 2897 918 2971 loquorve,
1019 2891 1163 2958 Quaeritur
1182 2907 1260 2965 ¹ergo
1283 2891 1314 2947 iu
1337 2896 1366 2949 ta
1386 2908 1470 2951 sacra
1485 2893 1602 2965 lamina,
1619 2896 1764 2968 quaeritur
1775 2898 1806 2951 in
1822 2901 1851 2953 te

174 2982 264 3044 Necte
279 2983 352 3039 mihi
367 2984 488 3043 charam
503 2987 618 3045 somnia
633 2988 705 3044 dant
718 2988 834 3044 faeiem.
1053 2979 1182 3037 Affectus
1196 2981 1292 3037 cordis
1308 2979 1450 3054 limpidus
1464 2981 1514 3039 ille
1528 2983 1585 3040 sui·

138 3070 213 3132 Nam
224 3072 338 3145 quoties
354 3089 477 3131 somnus
492 3074 587 3132 lassas
601 3076 721 3133 obducit
734 3076 850 3147 ocellus,
1020 3067 1102 3126 Illius
1116 3069 1278 3143 dlflsslplissffl
1293 3071 1427 3143 quedam
1443 3072 1527 3145 quati
1542 3073 1651 3146 ῑωῦθθ,

142 3195 154 3217 .
173 3161 311 3219 Protinus
325 3167 456 3236 apparat,
473 3178 541 3221 mox
555 3164 666 3238 aliquid
682 3171 837 3224 memorat.
978 3141 1000 3208 C
1056 3159 1126 3231 Ejsss
1140 3160 1245 3229 virtus,
1259 3160 1400 3233 queritur
1413 3161 1534 3235 effigies·

138 3248 269 3308 Plurima
283 3256 364 3320 sunt,
379 3254 430 3310 sed
446 3254 482 3310 da
496 3253 599 3311 multis
613 3255 677 3327 ipss
690 3255 735 3311 vel
750 3271 844 3312 unum
1017 3247 1162 3315 Oumrilur
1177 3246 1337 3305 almififflffl
1352 3249 1501 3321 mmmm,
1519 3267 1615 3310 meme
1631 3254 1794 3319 merendi,

172 3340 303 3414 Exempli
318 3357 408 3399 eausa
422 3342 517 3399 dicere
532 3359 637 3416 nempe
649 3343 724 3400 volo,
1053 3337 1167 3411 Lingua
1181 3337 1301 3411 perinde
1317 3338 1374 3411 pia,
1388 3339 1505 3412 vitaque
1516 3341 1584 3412 jure
1600 3357 1696 3398 sacra.

136 3426 204 3485 Jam
219 3445 270 3485 sex
285 3431 463 3485 transierant
478 3435 587 3499 nectes,
603 3436 633 3487 et
647 3432 773 3504 septima
785 3433 873 3502 veuit,
910 3452 917 3464 ·
1017 3425 1163 3492 Quoerilffl*
1177 3430 1209 3482 ul
1223 3426 1338 3499 generis
1354 3443 1454 3497 owse.
1469 3427 1511 3484 850
1525 3428 1643 3485 aclibus
1660 3430 1745 3502 ipsis.

173 3516 331 3589 Postquam
347 3518 483 3575 discessit
493 3520 616 3592 Jamque
631 3521 752 3580 humata
764 3522 831 3591 luit,
1053 3517 1181 3574 Stantia
1196 3517 1313 3587 allecta,
1329 3516 1372 3574 sic
1386 3520 1415 3574 et
1428 3517 1459 3573 in
1475 3517 1581 3577 allicio.

136 3604 211 3664 Cum
226 3607 359 3664 cubitum
374 3624 421 3664 ma
435 3607 530 3665 vicina
541 3610 605 3681 jnm
621 3609 686 3667 luce
700 3610 854 3682 locassem,
1017 3605 1075 3663 Vos
1090 3605 1178 3662 etiam
1195 3609 1302 3663 sauata
1317 3606 1422 3680 ipsius,
1437 3606 1592 3681 digneque
1606 3624 1725 3665 sorores

171 3695 238 3752 Vidi
253 3710 300 3752 me
315 3695 345 3752 in
360 3701 456 3754 vestro
472 3712 536 3755 essa
552 3700 741 3757 monastario.
1052 3695 1134 3768 Itane
1148 3699 1272 3752 matrem
1286 3700 1414 3753 vestram
1429 3696 1551 3755 excolite
1563 3700 1597 3753 ut
1611 3697 1778 3757 dominam.

136 3783 234 3858 Ipsam
248 3802 315 3843 vero
330 3786 411 3858 loqui
428 3803 543 3843 mecum
559 3789 594 3844 de
608 3804 689 3845 more
703 3789 838 3847 videbam
1018 3785 1156 3855 Quamvis
1172 3802 1300 3859 namque
1313 3784 1479 3842 cluatvobis
1487 3787 1845 3860 geuusomnibusuuum3

171 3872 245 3931 Cum
262 3875 297 3930 de
312 3875 472 3945 nonnullis,
489 3892 553 3948 quaa
569 3875 743 3946 inciderant,
760 3877 836 3949 aliis,
1052 3876 1187 3932 Attamen
1202 3875 1264 3931 haec
1278 3874 1386 3932 Christi
1402 3880 1447 3933 est
1462 3892 1583 3933 munere
1598 3879 1778 3950 praeposita3

136 3965 213 4023 Tum
228 3965 265 4021 de
280 3964 383 4038 regula
397 3964 466 4022 item
483 3970 593 4035 nostra,
608 3969 728 4040 totaque
743 3969 864 4041 perinde
1017 3962 1124 4020 Christi
1140 3964 1232 4022 electa
1245 3963 1308 4021 loco
1322 3964 1489 4038 Christique
1503 3965 1611 4023 vicaria
1625 3970 1753 4036 mustat,

170 4054 222 4111 Vel
236 4055 296 4112 vita
310 4060 411 4112 uestra
425 4055 606 4129 coenobiique
622 4059 712 4127 statu,
1052 4052 1167 4109 Christo
1181 4071 1232 4110 vos
1247 4053 1344 4128 agitis,
1359 4054 1504 4127 quidquid
1521 4054 1546 4111 ei
1562 4054 1671 4112 facitis.

135 4143 269 4217 Cumque
284 4144 357 4200 mihi
372 4145 493 4212 librum,
509 4145 534 4202 si
550 4161 638 4218 quem
654 4146 788 4204 lamassls
803 4146 932 4216 haberet,
1016 4142 1139 4210 Christo,
1158 4143 1234 4199 lacta
1246 4143 1314 4214 sibi,
1331 4144 1428 4200 forsan
1444 4144 1552 4216 injuria
1567 4144 1628 4213 fiet,

172 4234 271 4294 Nostri
287 4234 427 4307 propositi
442 4240 513 4291 tunc
528 4240 657 4308 peterem
672 4235 773 4305 tribui,
1051 4231 1185 4289 Christus
1200 4232 1371 4302 honoratur,
1388 4232 1523 4289 Christus
1538 4234 1568 4289 in
1584 4234 1639 4290 hae
1654 4233 1775 4290 colitur.

136 4324 174 4382 Se
188 4322 328 4380 habuisse
344 4324 474 4395 quidem,
491 4326 542 4380 sed
553 4327 617 4396 jam
633 4341 692 4381 uon
706 4341 827 4398 prorsus
854 4325 961 4383 habere
1016 4321 1156 4376 Praeterea
1170 4321 1334 4379 naturalem
1349 4325 1475 4378 vestram
1491 4339 1608 4395 queque
1623 4328 1751 4380 matrem

171 4411 213 4467 Te
227 4411 354 4485 Cerberg
364 4411 455 4469 istum
471 4412 544 4470 dixit
558 4413 665 4469 habere
680 4411 799 4471 librum.
1052 4409 1196 4466 Omnibus
1212 4410 1390 4468 omnimedis
1402 4411 1522 4468 excolite
1536 4412 1699 4485 obsequiis.

136 4498 192 4567 eui
207 4500 280 4557 mihi
296 4501 423 4573 deletus,
438 4517 545 4574 parvus
560 4502 656 4558 luerat
670 4501 742 4559 mihi
756 4504 847 4573 visus,
977 4510 1002 4578 Ι)
1017 4500 1076 4556 lloc
1092 4499 1206 4556 Domini
1217 4501 1348 4572 jussum,
1364 4502 1419 4560 hoo
1433 4506 1564 4560 vestrum
1579 4502 1675 4560 uestis
1690 4502 1845 4575 honorem,

171 4589 227 4650 Sed
243 4591 316 4650 beue
332 4591 527 4669 conscriptus,
543 4596 572 4650 et
586 4592 660 4651 boue
675 4593 866 4669 compositus,
1055 4591 1112 4649 llos
1128 4592 1220 4650 nostis
1234 4594 1360 4650 vestram
1377 4591 1464 4649 allero
1478 4591 1641 4665 gloriolam.
