3908 6082
126 290 185 351 769
819 290 921 352 VITA.
937 325 974 336 —
988 290 1062 352 LlB.
1086 291 1138 354 111.

1770 303 1830 371 l'ttl

125 422 582 497 magnatcrramquepolumquo.
595 423 949 491 Conticuereomnos;sed
966 424 1168 497 Aapostolico
1184 444 1190 481 :
1208 443 1259 482 nec
1274 428 1373 484 videor
1397 430 1518 487 idoneus
1543 433 1618 489 serre
1638 451 1696 506 quo
1717 438 1828 509 possim

124 510 209 568 nulla
225 511 340 569 miseris
356 511 448 585 quies,
466 513 547 568 ocius
562 512 722 569 accelerare
732 513 856 584 cupiunt
866 528 951 586 nego·
1003 515 1092 569 tante
1106 514 1320 587 magnitudinis
1334 518 1460 589 pondus,
1474 537 1531 576 nec
1541 521 1625 577 decet
1647 539 1829 596 quemquam

122 599 209 657 tium.
226 601 357 674 Denique
372 601 548 675 impediente
565 619 595 658 se
608 602 717 659 Satnna
730 599 827 657 locum
839 600 895 657 sibi
905 618 951 657 ex·
1003 601 1079 658 banc
1095 619 1270 674 presumere
1286 606 1442 674 sarcinam,
1454 609 1540 681 cujus
1555 626 1613 666 nen
1629 614 1725 684 potest
1739 613 1830 670 vitare

122 688 272 764 ploratum
288 689 410 746 minime
426 689 579 759 adierunt3
592 691 642 747 sod
655 689 857 746 abominantis
868 689 950 762 rupis

121 778 230 835 vertice
245 777 275 833 in
291 778 384 834 imum
395 795 426 833 so
437 778 615 852 protundum
626 783 688 834 tota
698 783 781 834 noete
791 777 951 852 precipita-

120 873 237 923 verunt.
254 868 404 923 Nostrates
421 871 529 933 autem,
542 868 607 939 jam
631 867 679 922 dio
703 866 876 931 lucescente,
892 881 948 923 coe-

120 954 206 1012 lestis
230 955 354 1010 victorie
385 959 537 1028 stupentes
563 954 776 1024 magnitudine,
792 956 818 1010 ei
840 955 950 1029 gratias

122 1044 210 1100 libuit
226 1045 343 1109 referre,
359 1046 445 1115 cujus
457 1044 522 1099 sorti
534 1044 653 1099 rruaainc
665 1048 842 1116 prostratum
854 1059 949 1099 oerne-

121 1133 196 1190 bant
210 1149 315 1207 agmen
330 1133 444 1190 hostile.
457 1133 603 1199 Quosdam
615 1136 713 1189 tanton
724 1149 825 1189 eorum
839 1132 889 1205 qui
900 1133 949 1188 de·

121 1222 264 1279 messioni
288 1239 320 1279 se
348 1222 566 1289 subtraxerunt,
587 1223 616 1277 in
646 1221 794 1278 remotiori
822 1223 949 1295 quodam

120 1309 232 1368 montis
256 1309 347 1366 latore
375 1309 554 1366 attendentes
580 1310 873 1382 comprehenderunt.
895 1310 949 1376 Qui

120 1394 246 1455 salutari
266 1415 297 1455 se
321 1397 400 1454 ablui
426 1399 615 1470 deposcentes
639 1399 753 1454 lavacro
770 1398 834 1471 (bos
859 1397 948 1468 enim,

120 1487 202 1543 sieut
216 1484 352 1559 superius
366 1485 496 1543 diximus
520 1493 590 1559 (cap.
608 1486 645 1558 t),
662 1487 705 1543 rir
720 1487 770 1543 Dei
785 1487 820 1543 dc
836 1486 949 1544 Christo

118 1574 219 1632 verbis
233 1573 350 1631 edocuit
365 1574 554 1645 salutaribus)
571 1574 683 1648 corpori
700 1573 803 1631 matris
817 1574 890 1629 uniti
901 1574 951 1631 Ec·

120 1663 228 1732 clesie,
245 1667 356 1736 quanta
370 1663 447 1720 inter
462 1664 601 1720 barbaros
617 1663 711 1736 gratia
726 1679 841 1718 servum
861 1678 948 1718 suum

1003 691 1131 746 ruinam.
1149 692 1296 748 Postremo
1312 710 1364 766 ogo
1378 699 1407 750 et
1421 695 1555 767 Romani,
1568 698 1646 754 sicut
1656 699 1831 758 divertimur
1905 748 1914 755 .

1004 779 1829 862 regionibus,itaminimeeonvenimusmoribuszetsiipsi

1004 867 1212 941 morigerabor,
1225 871 1389 927 monastica
1403 874 1581 945 prosessione
1592 875 1743 947 privabor;
1754 875 1829 933 ideo·

1004 973 1061 1029 que
1076 956 1167 1012 alium
1183 975 1233 1014 vos
1245 959 1398 1031 acquirite,
1411 961 1482 1032 quia
1492 961 1694 1020 indubitanter
1707 966 1829 1036 potestis

1004 1044 1089 1115 scire,
1107 1047 1203 1102 mend
1220 1046 1336 1101 oulnren
1360 1049 1552 1121 apostolicum
1574 1050 1673 1107 bacin
1689 1053 1748 1108 vita
1771 1071 1830 1109 non

1004 1149 1202 1201 accessurum,
1210 1137 1466 1208 gregoriiquomihi
1474 1138 1666 1194 commissum
1678 1157 1829 1214 nunquam

1004 1221 1209 1279 dimissurum.
1221 1246 1234 1272 »
1248 1224 1306 1280 liac
1321 1225 1440 1297 quidem
1457 1243 1492 1281 ex
1502 1243 1532 1281 re
1546 1226 1658 1298 ltquido
1671 1245 1830 1300 possumus

1004 1308 1148 1384 colligere,
1173 1311 1251 1367 buno
1277 1312 1327 1369 Dei
1353 1313 1496 1369 famulum
1524 1314 1623 1371 multe
1650 1315 1830 1376 humilitatis

1003 1397 1105 1467 luisse,
1123 1400 1172 1473 qui
1189 1405 1307 1475 rogatus
1323 1419 1340 1457 a
1357 1417 1474 1458 summo
1487 1406 1670 1460 terrenorum
1686 1404 1829 1479 principe,

1004 1487 1040 1543 ad
1056 1487 1171 1545 eulmen
1183 1489 1377 1562 apostolicum
1388 1489 1504 1547 distulit
1515 1492 1741 1550 ascendere.Sed
1752 1494 1830 1567 qaod

1004 1573 1052 1632 illc
1064 1577 1178 1633 distulit
1189 1581 1318 1650 rogatus,
1327 1578 1411 1634 multi
1424 1578 1509 1653 longe
1522 1579 1683 1650 interiores,
1692 1598 1766 1654 quos
1777 1598 1830 1641 nee

1004 1663 1176 1721 litteratoria
1191 1666 1343 1740 professio,
1363 1684 1413 1723 nec
1430 1666 1559 1724 honeste
1575 1666 1638 1724 vite
1653 1670 1830 1742 provehebat

120 1751 309 1824 omnipotens
324 1751 492 1820 illustravit,
510 1751 588 1808 soliti
606 1757 689 1807 erant
704 1751 820 1807 referre.
834 1750 950 1824 Optima
964 1794 988 1859 B
1004 1755 1194 1821 conversatio,
1211 1772 1253 1821 se,
1269 1754 1293 1810 si
1310 1761 1441 1828 possent,
1460 1755 1535 1812 ultro
1557 1758 1732 1831 ingererent,
1748 1759 1829 1816 omni

122 1847 195 1897 tunc
210 1839 303 1913 spolia
318 1839 506 1914 colliguntur,
524 1857 679 1913 equesque
695 1857 747 1912 per
759 1848 854 1912 partes
874 1837 950 1893 inter
1004 1855 1035 1895 se
1050 1840 1199 1914 despectui
1215 1840 1418 1914 multiplicatis
1429 1843 1565 1916 precibus
1576 1846 1753 1902 subderent:
1767 1863 1830 1919 pro·

120 1928 312 1985 Christicolas
334 1928 562 1984 distribuuntur.
579 1931 630 1984 det
655 1929 772 1984 boatum
798 1927 948 1995 llaiolum,
1004 1928 1828 2004 stremotantedignitatisquosublimarentureulmine,

121 2034 244 2091 corporo
262 2017 329 2073 licet
354 2017 483 2084 absente,
501 2017 612 2073 moritis
637 2023 734 2073 tamen
759 2016 788 2071 in
813 2013 949 2089 fugandis
1004 2033 1110 2089 magno
1126 2017 1270 2089 promisso
1286 2035 1406 2075 munere
1422 2037 1453 2076 se
1464 2021 1597 2076 damnari
1610 2029 1777 2095 suaspontc
1788 2024 1831 2083 Si-

121 2106 259 2163 hostibus
274 2111 455 2180 presentem,
472 2106 536 2177 ejus
552 2103 768 2162 distributionis
784 2104 880 2160 cuncti
898 2102 950 2176 qui
1004 2106 1138 2161 morriaoa
1154 2124 1210 2162 non
1227 2113 1398 2180 spernerent
1418 2113 1507 2182 peste.
1524 2111 1577 2166 Ast
1600 2108 1644 2165 vir
1666 2109 1717 2167 Dei
1741 2128 1829 2185 quem

120 2195 254 2264 aderant,
266 2199 414 2267 expertem
430 2194 490 2250 soro
502 2193 625 2268 dignum
637 2192 949 2267 nullatenusjudieant
1004 2193 1127 2250 interius
1141 2195 1283 2251 virtutum
1309 2196 1450 2270 magistra
1474 2197 1597 2254 docelmt
1617 2198 1780 2269 humilitas,
1798 2200 1828 2256 iu

121 2282 698 2356 liujusnamqueprouleiscendainJuria
708 2281 808 2338 hostes
818 2297 951 2354 pessum·
1004 2284 1089 2354 eujus
1103 2283 1209 2357 spiritu
1225 2283 1392 2357 evangelica
1407 2285 1547 2359 regnabat
1563 2291 1828 2361 paupertas,quan·

120 2373 224 2429 datum
239 2371 275 2427 iri
290 2371 401 2448 celesti
413 2371 597 2430 testabantur
611 2371 641 2426 in
655 2369 950 2443 victorial’ropterea
1004 2387 1093 2444 quarn
1121 2371 1242 2445 polleret
1269 2373 1380 2429 eximie
1409 2374 1641 2432 conversationis
1668 2376 1829 2450 preconio,

120 2478 220 2519 saeros
236 2460 361 2528 codices,
378 2477 453 2534 quos
468 2460 586 2526 barbari
603 2462 762 2532 rapuerant
775 2459 861 2515 beato
876 2458 948 2526 viro,
1004 2459 1068 2516 ideo
1085 2465 1145 2515 tam
1161 2460 1315 2518 sublimari
1332 2461 1439 2536 refugit
1452 2462 1605 2537 temporali
1629 2464 1757 2539 fastigio,
1771 2482 1829 2538 quo

122 2567 178 2607 sua
192 2566 244 2624 pro
259 2553 342 2622 parte
356 2549 566 2606 miserunt.Sic
579 2547 835 2621 Omnipotens,sui
847 2545 949 2603 famuli
1003 2547 1135 2603 seculari
1150 2553 1280 2605 remotus
1295 2550 1421 2623 negotio,
1438 2550 1553 2607 ssrmius
1569 2551 1717 2609 insisteret
1731 2553 1829 2609 Omni·

121 2639 236 2697 meritis
250 2637 438 2710 praecipitatis
452 2636 562 2710 impiis,
579 2636 727 2694 eliberavit
742 2635 856 2692 cunctis
871 2635 949 2691 viam
1004 2637 1131 2708 potentis
1146 2637 1297 2711 obsequio,
1313 2641 1341 2696 et
1354 2636 1513 2712 loginquua
1538 2641 1660 2705 mundo,
1675 2640 1828 2713 proximus

123 2727 251 2785 Romani
266 2725 389 2783 itineris.

158 2815 231 2878 vltt
250 2816 400 2871 Roasaaam
414 2816 602 2888 pontificatum
616 2823 732 2872 recusat.
743 2846 776 2856 -
788 2814 850 2870 Non
862 2812 948 2886 longo

123 2921 192 2961 vero
207 2908 274 2977 post
288 2907 418 2976 temporo
442 2905 573 2961 Romana
597 2904 665 2960 sede
689 2903 806 2976 proprio
830 2901 949 2958 viduata

123 3000 254 3074 pastore,
270 2993 346 3050 idem
363 2993 413 3050 Dei
429 2992 558 3049 lamulus
574 2993 687 3050 Ottonis
702 2991 822 3050 secundi
844 2993 949 3064 juncta

123 3097 193 3142 cum
209 3083 311 3138 matris
330 3098 424 3154 prece,
441 3082 555 3139 ltaliam
581 3086 741 3154 repeteres
757 3081 890 3154 partibus
904 3083 950 3136 est

121 3176 242 3230 coactus
257 3169 365 3229 Gallie.
381 3172 511 3240 Amatne
525 3176 595 3227 tune
611 3176 639 3226 et
650 3171 710 3227 filio
725 3171 834 3227 honore
849 3185 947 3226 susce·
963 3157 985 3226 C

123 3265 192 3333 ptus
207 3260 392 3334 dignissimo,
409 3259 445 3315 ad
465 3258 582 3316 eulmen
607 3259 772 3332 apostolice
797 3257 952 3333 dignitatis

122 3349 260 3421 precibus
274 3345 385 3420 impelli
400 3346 487 3420 cepit
502 3347 693 3405 continuatis.
710 3348 766 3405 Sed
782 3347 829 3404 cui
854 3347 950 3422 magia

122 3435 258 3508 abjectio,
275 3452 364 3508 quam
380 3439 562 3507 expeteretur
574 3434 719 3503 exaltatio,
729 3432 897 3492 nullatenus
912 3435 948 3491 ad

121 3539 154 3582 se
171 3540 339 3598 promovere
354 3523 449 3597 potuit
463 3522 654 3580 sublimitatis
670 3521 948 3580 ambitio.Pusillum

121 3628 240 3688 gregem
256 3612 373 3670 nolebat
384 3612 540 3681 dimittere,
548 3629 635 3684 quem
646 3611 761 3668 Christo
772 3611 881 3684 placuit
891 3611 947 3667 sibi

121 3703 328 3759 committere:
355 3707 383 3758 et
407 3718 475 3758 cum
499 3700 562 3773 ipso
587 3699 701 3757 volebat
724 3699 752 3755 in
779 3702 949 3772 paupertate

120 3791 225 3859 vivere,
243 3791 293 3864 qui
310 3792 339 3846 in
356 3795 560 3865 paupertatem
577 3787 875 3845 descenditacoelesti
887 3786 948 3843 cul-

122 3880 213 3936 mino.
227 3880 283 3936 Sed
305 3880 342 3936 ab
365 3883 490 3951 utraque
520 3896 587 3934 eam
616 3883 768 3951 cogeretur
795 3879 948 3948 potestate,

120 3968 307 4042 excogitandi
321 3967 492 4025 dilationem
508 3967 623 4024 studuit
642 3964 799 4040 postulare.
816 3965 898 4023 Tune
912 3964 949 4020 ad

121 4057 265 4115 orationis
279 4073 312 4114 se
327 4057 453 4114 eontulit
466 4055 647 4130 presidium,
663 4072 722 4128 quo
737 4053 792 4110 sibi
810 4053 949 4111 coacede-

1004 2739 1120 2797 semper
1134 2725 1216 2781 deret
1227 2724 1294 2781 Deo.

1039 2812 1146 2869 Secreti
1160 2812 1286 2886 cupidus
1302 2818 1404 2870 sancto
1419 2814 1464 2870 vir
1478 2813 1599 2870 numine
1614 2814 1731 2887 plenus,

1038 2901 1101 2958 Non
1118 2902 1212 2976 magis
1227 2905 1361 2959 externos
1376 2903 1481 2960 doetus
1494 2901 1586 2958 vitare
1601 2902 1713 2959 favores

1039 2992 1190 3064 Quamque
1206 2991 1408 3048 ministrorum
1424 2989 1528 3047 solatia
1542 2990 1644 3048 crebra
1658 3007 1791 3059 suorum,

1038 3079 1112 3136 Voto
1126 3079 1271 3136 detulerat
1282 3078 1484 3153 latebramque
1498 3080 1777 3153 t'overeperennem,

1040 3168 1263 3240 Immunemque
1279 3165 1352 3224 aule
1365 3185 1452 3241 quam
1469 3167 1556 3242 longa
1567 3172 1611 3225 ost
1621 3168 1726 3225 ducere
1735 3167 1827 3225 vitam

1040 3257 1213 3314 inconvulsa
1227 3261 1326 3312 manet
1340 3257 1439 3331 magni
1455 3258 1507 3314 sed
1522 3255 1641 3330 spouslo
1655 3255 1739 3325 Jesu,

1040 3346 1188 3404 Montibus
1202 3346 1371 3419 impositam
1387 3363 1446 3402 non
1461 3346 1528 3403 abdi
1544 3345 1656 3403 visibus
1680 3345 1784 3403 urbem
1801 3360 1808 3401 :

1039 3438 1188 3508 Quemque
1204 3435 1278 3508 tegit
1291 3433 1403 3491 moritis
1415 3434 1561 3492 absistens
1573 3431 1666 3508 gloria
1684 3432 1826 3508 pulchris,

1039 3524 1152 3580 Iudicat
1165 3523 1291 3598 egregiis
1307 3522 1460 3579 illustrans
1475 3523 1570 3595 gratia
1583 3522 1676 3596 signis
1689 3538 1696 3576 :

1038 3613 1072 3668 Et
1087 3629 1205 3685 quaqua
1219 3610 1326 3668 tulerat
1340 3611 1456 3667 facilem
1472 3628 1523 3684 per
1540 3611 1669 3684 compita
1692 3628 1827 3685 gressum

1039 3700 1166 3756 Urbibus
1180 3703 1208 3755 et
1223 3699 1295 3755 vicis
1310 3699 1418 3771 raptim
1434 3699 1601 3771 promiscua
1617 3715 1680 3756 seso

1040 3788 1130 3846 Obvia
1143 3787 1230 3843 turba
1244 3786 1333 3843 dabat
1347 3785 1494 3860 preclaris
1509 3786 1602 3843 excita
1616 3785 1712 3854 laetis,
1775 3854 1779 3869 Ι

1039 3878 1073 3935 Et
1088 3892 1256 3950 quanquam
1271 3874 1350 3949 longi
1366 3874 1451 3931 facile
1466 3891 1569 3931 secura
1583 3873 1703 3931 laboris.

1042 3966 1088 4023 lX.
1118 3968 1311 4040 Imperatorem
1341 3963 1373 4021 tle
1397 3965 1493 4039 jurgio
1523 3964 1552 4020 in
1579 3971 1695 4020 matrem
1725 3965 1827 4036 arcuit,

1003 4059 1082 4131 eique
1104 4064 1220 4112 contram
1243 4053 1462 4111 reconciliat-
1484 4052 1544 4110 Sub
1568 4052 1669 4109 eodem
1697 4056 1829 4126 temporo

121 4151 205 4204 retur
223 4144 363 4202 divinitus
387 4145 457 4218 quid
482 4146 641 4219 agendum,
657 4144 764 4217 quidve
786 4147 873 4199 tante
898 4159 949 4216 pe·
1003 4146 1160 4220 predictus
1175 4144 1334 4217 imperator
1348 4147 1474 4199 matrem
1488 4140 1648 4211 zelabatur,
1665 4141 1736 4214 quia
1750 4142 1828 4213 apud

120 4235 222 4294 testati
233 4238 311 4292 esset
322 4233 620 4308 respondendumllb
630 4233 760 4290 cretione
771 4238 802 4288 ut
812 4231 948 4301 surrexit,
1003 4252 1035 4293 sa
1050 4234 1123 4291 salso
1138 4233 1261 4291 crimino
1276 4231 1471 4299 deferebatur,
1483 4229 1513 4287 in
1528 4247 1652 4303 eamque
1662 4234 1732 4286 tunc
1744 4228 1827 4302 quasi

120 4319 947 4397 apostoliceleetioniscodexaasusubuculishueadlait.
1004 4323 1169 4398 reipublice
1195 4319 1438 4395 dilapidatricem,
1454 4325 1483 4377 et
1504 4319 1551 4377 sui
1573 4319 1610 4375 ab
1635 4335 1670 4374 oa
1693 4315 1828 4389 expulsa·

121 4413 184 4478 Ouo
201 4415 312 4484 aperto,
328 4410 379 4466 illa
393 4427 424 4467 se
436 4411 466 4466 in
476 4411 572 4483 prima
583 4408 724 4483 marginis
736 4408 830 4465 fronte
843 4407 950 4464 obtulit
1003 4414 1116 4481 tricem,
1133 4429 1183 4485 per
1199 4410 1287 4468 salsos
1302 4408 1446 4466 delatores
1466 4408 1517 4466 tali
1542 4407 1750 4466 stimulabatur
1760 4404 1829 4476 jur-

121 4498 312 4573 lactio,cujus
320 4500 500 4556 sedivinitus
511 4498 617 4556 instrui
626 4497 749 4555 credidit
762 4499 947 4554 documento.
963 4526 987 4593 D
1003 4503 1061 4577 gio,
1078 4506 1110 4558 ut
1125 4518 1189 4558 eam
1202 4516 1285 4557 versa
1300 4499 1360 4555 vieo
1376 4498 1536 4571 propellere
1551 4497 1713 4552 minaretur
1727 4508 1826 4566 regno.

121 4588 269 4646 Inserlum
284 4606 401 4663 quoque
416 4590 493 4661 quod
515 4587 631 4661 reperit,
649 4587 705 4645 sibl
731 4585 948 4643 adherentibus
1003 4582 1829 4662 Suorumprincipumnulluseumconvenire,salsumque

120 4676 217 4752 legere
233 4678 318 4750 oepit
336 4694 342 4731 :
361 4678 450 4734 l'a'dete
464 4694 499 4733 oe
513 4679 574 4751 quis
590 4694 634 4734 aas
658 4677 775 4749 decipiat
794 4693 843 4748 per
861 4676 949 4748 phile
1003 4681 1114 4738 crimen
1131 4697 1148 4735 a
1163 4677 1352 4735 sanctissima
1368 4681 1461 4732 matre
1477 4674 1609 4731 tentabat
1624 4669 1828 4744 avertero.lpsi

119 4767 247 4839 sophiam
259 4775 285 4823 ct
305 4768 415 4823 iaaracm
437 4768 581 4838 letbecam
604 4766 753 4824 recaredum
776 4765 949 4823 tricalitioaem
1004 4787 1067 4826 cam
1083 4767 1235 4824 del'enderc
1251 4761 1588 4839 negligebantacrimiac
1599 4759 1828 4830 falsitatisque

120 4854 274 4922 bominum,
290 4856 439 4913 secandum
453 4857 584 4912 elementa
603 4856 711 4921 mandi,
727 4864 753 4912 et
775 4872 829 4911 raon
852 4872 948 4911 socea·
1004 4857 1054 4913 illa
1068 4856 1211 4912 extulerat
1230 4855 1265 4910 ad
1283 4869 1416 4909 summos
1435 4850 1544 4924 gradus
1569 4847 1731 4921 dignitatis.
1748 4847 1828 4901 Hanc

119 4938 188 4999 dom
203 4944 341 5000 Christum
354 4946 465 5016 (Coloe.
484 4962 514 5014 11,
531 4948 569 5012 8).
586 4948 676 5018 Agere
702 4962 733 5001 se
758 4949 891 5016 oportere
907 4944 948 4999 la·
1004 4965 1106 5006 ornnes
1122 4943 1339 5001 exeusationem
1351 4939 1581 5012 praetendebant,
1593 4937 1671 5011 quod
1683 4933 1828 5007 imperiali

120 5038 201 5089 tetur
215 5033 278 5089 suis
293 5034 373 5090 omni
389 5035 485 5090 studio
501 5035 579 5106 quod
594 5034 692 5089 divina
708 5031 839 5106 suggerit
852 5031 948 5088 lectio.
1005 5033 1150 5106 majestati
1167 5028 1364 5087 contradicere
1379 5045 1437 5084 nori
1448 5026 1689 5085 audebantllcce
1700 5023 1829 5080 sereban-

121 5121 311 5194 Imperatoris
321 5128 349 5179 et
361 5127 468 5180 sancte
485 5124 588 5179 matris
600 5122 706 5178 iterum
718 5120 854 5194 precibus
866 5119 949 5176 altor-
1003 5131 1051 5182 tur
1066 5121 1201 5196 precibus
1228 5118 1367 5174 mandata
1391 5115 1498 5173 coactis
1524 5119 1707 5183 cunctorum,
1724 5111 1828 5185 quiqui

120 5207 168 5266 nis
185 5211 221 5266 ad
237 5210 335 5284 ipsum
351 5211 790 5288 flagitatursuccessibus:cum
801 5208 948 5266 nobilibus
1003 5215 1117 5270 lucrant
1133 5226 1168 5266 ex
1180 5211 1261 5280 parte
1280 5206 1406 5279 piorum,
1423 5206 1479 5261 iret
1502 5202 1688 5277 quantocius,
1705 5217 1739 5258 ac
1754 5199 1827 5257 dile·

121 5299 172 5372 qui
188 5299 310 5356 aderant
332 5303 478 5358 antistites
504 5302 687 5359 insistebant.
704 5298 864 5371 imperialis
889 5315 947 5370 quo
1002 5300 1140 5359 ctissime
1156 5296 1211 5353 sibi
1228 5293 1408 5366 imperatrici·
1419 5295 1603 5349 succurreret
1618 5308 1625 5345 :
1643 5288 1827 5361 nullamjam

119 5385 947 5465 tieretpetitiosupplicabantaa1110‚a1v1m2111ustm105
1002 5390 1043 5447 illi
1057 5392 1167 5445 restare
1183 5384 1319 5452 salutem,
1332 5382 1389 5439 nisi
1403 5386 1435 5438 ut
1449 5383 1536 5439 rebus
1552 5377 1670 5437 amissis
1683 5378 1771 5434 etiam
1787 5393 1828 5435 re·

120 5477 227 5553 gratia,
243 5477 341 5534 solerti
358 5498 388 5537 so
399 5481 512 5537 studuit
527 5497 665 5537 excusare
681 5477 846 5551 prudentia.
865 5500 879 5527 «
895 5477 944 5544 Ea,
1001 5497 1057 5555 gao
1074 5475 1245 5543 discederet,
1263 5470 1390 5548 periculo
1405 5471 1469 5528 vite
1485 5471 1515 5527 in
1531 5469 1619 5526 dubio
1635 5467 1682 5523 his
1698 5483 1705 5520 ι

119 5566 228 5640 inquit,
246 5567 318 5624 mibi
334 5570 435 5627 abesse
450 5586 602 5644 cognosco,
615 5586 677 5643 que
693 5570 753 5624 viro
770 5566 946 5624 conveniunt
1531 5557 1650 5616 vocibus
1665 5554 1724 5614 iras
