3900 6090
120 281 180 341 803

646 273 816 334 aereum
839 271 1085 334 MlClACENSlS
1108 269 1295 332 Menaeni.

1775 272 1833 333 sot

120 414 194 470 sime
209 411 347 467 contexit.
365 409 475 465 Floruit
491 411 587 463 etitem
604 406 693 461 Jonas
717 422 774 459 non
800 404 894 459 solnm
917 405 946 459 in
961 407 988 472 Α
1003 404 1083 459 mino
1098 406 1341 465 commendasset.
1356 405 1439 461 latus
1454 405 1489 461 dc
1505 404 1740 478 corporeexieit.
1751 406 1830 472 Quod

119 491 259 558 humanis
270 500 355 555 sedet
367 499 394 552 in
403 497 509 553 divinis
521 496 708 566 arbusculas
720 493 785 548 tidei
795 492 945 564 plenitudo

120 591 251 648 studium
268 593 296 644 et
311 585 436 642 eruditio
451 585 564 656 liquido
587 587 683 655 potest
706 581 801 653 colligi
822 597 856 635 ex
872 581 945 636 libro

120 696 207 753 quem
223 681 325 733 eontra
340 674 494 731 Claudium
511 671 721 727 Taurinensem
733 671 901 742 episcopum
918 672 947 724 et

119 785 225 825 nevum
243 763 466 820 heresiarcham
480 758 864 832 conscr·ipsit‚quiClaudius
879 758 947 829 dog-

119 855 276 912 matiznbat
296 852 404 925 stigma
424 853 513 906 beata
529 855 558 904 et
574 849 692 903 virifica]
715 847 809 901 erneis
825 847 946 901 minime

119 947 251 1017 oportere
262 940 386 998 adorari.
397 939 661 1010 Si,iaquiens,erux
670 937 817 998 adoratur,
828 935 946 989 adoren-

120 1039 168 1090 tur
177 1038 204 1089 et
216 1031 317 1104 puellm
329 1029 466 1101 virgines,
476 1028 545 1099 quia
560 1026 640 1097 virge
652 1025 763 1096 peperit
780 1024 944 1091 Christum

119 1124 278 1178 adorentur
288 1125 317 1174 et
327 1117 623 1192 prasepin,quiamox
635 1120 720 1169 natus
730 1116 758 1167 in
770 1113 888 1185 pr:esepi
902 1129 945 1167 rc·

119 1212 259 1279 clienter,
276 1210 433 1263 adorentur
452 1210 480 1261 et
502 1205 587 1271 asini,
610 1203 679 1276 eperia
703 1201 818 1258 asinum
841 1202 946 1257 scdcns

119 1296 446 1370 Hierosolymameenit,
459 1301 488 1349 et
500 1290 945 1367 pluranel'amlacommcntnado

119 1387 300 1461 simplicitati
309 1384 478 1440 Chrislianae
490 1383 555 1438 fidei
568 1380 848 1453 derogabatCoatra
860 1380 945 1450 cujus

117 1493 240 1534 vesanos
250 1490 361 1530 errores
369 1473 459 1528 Jonas
470 1469 653 1536 venerabilis,
662 1469 710 1541 qui
726 1473 832 1523 sancta>
844 1467 944 1523 Crucis

117 1565 353 1636 eratepiscopus,
372 1560 516 1616 Ludovico
531 1558 707 1630 imperatore
723 1557 871 1629 flagitante
887 1556 944 1611 mi·

118 1653 239 1711 rabilem
251 1651 342 1707 edidit
357 1650 464 1704 librum
482 1665 568 1720 quem
586 1647 620 1702 de
644 1645 766 1701 dirersis
791 1644 944 1701 sententiis

1000 511 1053 566 ego
1068 495 1194 549 veridica
1210 493 1358 549 seniorum
1375 493 1515 550 relatione
1525 511 1711 568 cognoscens
1723 511 1829 567 nequa·

1001 600 1088 654 quam
1105 583 1221 638 silentiu
1238 600 1342 655 passus
1359 599 1425 638 sum
1441 583 1599 651 abscondi;
1618 581 1724 655 procul
1741 583 1830 641 dubie

1000 673 1130 739 credone,
1147 673 1215 744 qnia
1230 672 1283 728 etsi
1299 677 1369 727 sunt
1385 673 1440 728 rari
1459 690 1536 728 nunc
1551 671 1700 728 miracula
1724 672 1829 729 facien·

1001 766 1053 830 tos,
1070 761 1154 816 multi
1171 767 1268 816 tanirrn
1286 761 1314 815 in
1331 766 1433 816 sancta
1448 765 1518 816 sunt
1539 761 1682 827 Ecclesia,
1700 761 1752 834 qui
1768 762 1829 817 vite

1001 851 1103 904 merito
1134 850 1336 922 operaturilms
1367 850 1575 906 miraculorum
1606 851 1744 922 dispares
1774 866 1828 905 non

1000 943 1078 992 situl.

1037 1029 1079 1080 17.
1096 1028 1239 1082 Ludevico
1256 1027 1389 1098 piissimo
1404 1029 1534 1099 Auguste
1552 1031 1595 1097 (ut
1610 1027 1773 1101 erediarusl
1790 1046 1828 1086 rc·

1000 1133 1058 1188 gna
1073 1117 1200 1172 coelestia
1214 1120 1328 1189 petente
1352 1116 1507 1188 imperium
1533 1119 1714 1174 Francorum
1738 1117 1826 1175 armis

1001 1205 1050 1260 diu
1067 1206 1220 1277 quesitum
1234 1203 1524 1277 atqucaCareloejus
1534 1209 1615 1277 patre
1625 1205 1826 1279 multiplieiter

1000 1300 1228 1367 propagatum,a
1239 1292 1327 1349 nobili
1340 1292 1420 1349 illius
1432 1294 1561 1366 eorporis
1572 1311 1716 1367 compage
1728 1294 1826 1352 multis

1000 1381 1168 1437 nationibus
1183 1385 1283 1437 coacta
1297 1381 1440 1438 trilariam
1457 1381 1607 1452 dividitur,
1623 1382 1825 1457 triarchesque

1001 1470 1050 1526 filii
1063 1471 1213 1525 constituti
1223 1471 1251 1525 id
1264 1471 1424 1542 regendum
1438 1470 1712 1544 sortiunturMajor
1723 1471 1823 1529 horum

1000 1560 1155 1616 Letharius
1173 1560 1324 1615 Franciam
1342 1576 1408 1614 cum
1436 1559 1527 1627 ltalia,
1546 1561 1714 1617 Ludericus
1738 1562 1822 1618 Saxo·

1000 1649 1078 1704 niam
1096 1665 1271 1720 omnemque
1287 1648 1483 1716 Germaniam,
1501 1650 1622 1706 Carolus
1638 1651 1745 1707 Junier
1760 1651 1824 1707 flur·

117 1745 236 1799 Petrum
251 1741 331 1796 velut
347 1738 499 1794 floscidum
524 1736 656 1808 depinxit
682 1739 813 1801 sertum,
832 1739 859 1790 et
884 1739 943 1788 tam
959 1775 983 1842 B
999 1738 1140 1811 guadiam
1156 1754 1223 1792 curn
1239 1737 1394 1810 Bquitania
1410 1739 1549 1811 possedit.
1566 1741 1628 1805 Quo
1648 1739 1752 1796 Cereio
1767 1757 1821 1797 aaa

116 1832 216 1888 aalide
231 1829 364 1886 stultitiae
375 1819 491 1883 'Claudii
508 1824 642 1892 obviavit,
657 1829 689 1878 ut
705 1823 842 1895 deinceps
858 1839 943 1878 aomo

117 1923 251 1976 inventus
266 1920 305 1974 sit
320 1916 369 1988 qui
386 1917 519 1971 eamdem
531 1914 680 1969 vesaniam
695 1911 885 1967 resuscitarit.
897 1913 943 1967 Li-

116 2009 210 2066 bellus
225 2011 321 2062 autcrn
332 2006 393 2077 ipse
404 2020 491 2076 penes
511 2019 563 2056 nos
575 2000 709 2066 liabetur,
718 2001 766 2071 qui
779 1999 807 2054 in
816 2000 943 2071 quadam

117 2098 203 2154 demo
213 2097 279 2168 igne
289 2092 533 2166 pervasaincuutc
544 2088 709 2155 derelictus,
722 2095 750 2144 et
765 2094 830 2159 post
847 2089 942 2160 ignem

116 2188 230 2260 integer
244 2183 379 2239 inventos
396 2186 449 2236 est.

154 2277 198 2331 15.
215 2276 290 2330 tona
305 2270 433 2344 igiturin
446 2270 614 2340 episcopatu
628 2268 723 2340 posito
736 2267 820 2321 multi
830 2265 942 2323 nobiles

116 2367 144 2420 ct
160 2362 265 2419 sarculo
276 2357 485 2432 exspectabiles
501 2357 554 2411 viri
570 2355 688 2429 cingula
703 2356 880 2428 deponentes
892 2355 944 2410 mi·

116 2453 185 2508 litia
203 2454 388 2520 veteremque
404 2462 471 2502 cum
488 2445 550 2501 suis
564 2445 678 2500 actibus
693 2444 843 2500 hominem
854 2442 941 2511 exuti,

116 2540 257 2596 incudem
269 2537 333 2610 ipso
342 2535 403 2591 loco
416 2534 540 2590 Domino
549 2549 580 2588 se
591 2533 751 2604 nrancipari
764 2533 941 2604 gaudebunt.

116 2632 245 2697 Quorum
260 2631 344 2699 pater
366 2625 430 2678 rite
456 2621 630 2678 venerabilis
652 2621 800 2677 lleriricus
826 2621 943 2677 nomine

116 2719 227 2774 dudum
244 2731 344 2788 regum
356 2711 567 2778 amicissimus,
582 2728 614 2767 eo
627 2714 723 2766 autom
735 2714 866 2782 tempore
881 2727 942 2765 mo-

116 2807 220 2864 nastici
236 2804 348 2861 ordinis
363 2800 532 2858 cratcultor
546 2798 793 2866 ferventissimum
810 2798 859 2871 qui
875 2816 943 2854 eum

116 2897 195 2952 omni
205 2894 312 2968 gaudio
323 2888 469 2964 spirituali
478 2906 545 2945 cum
558 2889 770 2963 supplementis
778 2888 841 2942 vitae
853 2887 904 2959 huj
910 2904 943 2944 us

116 2982 289 3042 necessariis
300 2981 474 3053 potirentur,
486 2995 578 3033 unum
595 2983 656 3033 erat
672 2978 749 3049 quod
771 2977 944 3038 moestitudi,

116 3091 183 3129 nem
196 3088 297 3128 eorum
308 3068 445 3125 cordibus
457 3083 513 3121 non
526 3067 670 3120 medicam
683 3064 943 3131 inferebat,eideli·

999 1828 1152 1883 minimam
1168 1827 1246 1899 regni
1265 1831 1376 1899 partem
1393 1829 1616 1897 assecuto,dum
1631 1829 1750 1884 fortuna
1759 1846 1822 1886 cum

998 1916 1157 1971 infortunio
1174 1914 1309 1981 alternet,
1321 1917 1402 1989 regni
1419 1918 1483 1988 ejus
1494 1919 1588 1973 status
1600 1917 1821 1991 primoquidem

998 2005 1144 2061 intestinis
1157 2003 1300 2061 bellorum
1310 2005 1650 2079 cladibus,postmodum
1659 2023 1729 2064 vero
1739 2012 1824 2064 exter·

999 2094 1045 2149 nis
1061 2093 1237 2150 tumultibus
1249 2100 1386 2168 gravatus
1401 2095 1634 2168 profligatusque
1658 2100 1715 2154 est,
1733 2097 1820 2154 Duces

998 2184 1104 2239 etenim
1117 2182 1165 2255 qui
1177 2185 1250 2238 fines
1263 2183 1376 2255 imperii
1390 2185 1465 2239 tueri
1477 2184 1728 2252 debuerant,dum
1738 2186 1821 2243 rebus

998 2271 1205 2327 communibus
1220 2270 1332 2344 privata
1353 2273 1454 2346 jurgia
1479 2279 1663 2346 praeponunt,
1679 2279 1767 2348 atque
1787 2274 1820 2330 ob

998 2361 1027 2415 id
1045 2361 1188 2416 mortibus
1204 2366 1231 2415 et
1246 2361 1357 2432 rapinis
1374 2377 1437 2417 sese
1453 2361 1645 2431 insectantur,
1662 2363 1761 2420 locum
1774 2364 1819 2420 de-

997 2449 1819 2525 derebarburis,quoimperiumregibusinclytispartum

997 2541 1026 2594 et
1041 2526 1083 2592 tot
1099 2536 1213 2592 seculis
1229 2536 1450 2593 formidolosum
1467 2538 1820 2612 rapinisetincendiisipsi

998 2627 1315 2683 dehonestarentlnter
1325 2627 1514 2683 Lambertum
1524 2627 1639 2684 enimet
1648 2624 1819 2685 Rainoldum

998 2716 1048 2788 qui
1063 2713 1203 2771 Neustriae
1220 2715 1292 2771 sines
1307 2733 1409 2771 versus
1425 2715 1571 2771 Oceanum
1584 2716 1819 2791 regebant,longe

997 2803 1183 2868 concertatio,
1201 2808 1325 2876 utraque
1340 2803 1463 2876 perditio
1480 2804 1578 2876 patria
1600 2803 1681 2861 latus
1706 2807 1820 2875 detexit,

997 2911 1049 2966 per
1063 2893 1139 2965 quod
1162 2891 1259 2950 clades
1281 2909 1404 2966 regnum
1431 2894 1608 2950 Francorum
1633 2894 1819 2969 profligatura

998 2982 1092 3054 prime
1107 2981 1212 3036 insecta
1223 2985 1277 3037 est.
1289 2984 1328 3037 dc
1339 2983 1468 3054 primum
1479 2983 1523 3037 vis
1535 2983 1690 3040 Britonum
1701 2983 1818 3041 limitem

996 3070 1350 3143 transgressa,autiquam
1359 3071 1819 3145 Namneticam(Naatcs)Audega·

116 3160 243 3234 cetquod
254 3174 374 3230 corpore
384 3155 497 3230 patroni
509 3154 553 3208 sui
566 3153 716 3208 Maximini
726 3154 941 3209 iraudarentur.
957 3146 978 3212 C
997 3175 1174 3230 vensemquc
1189 3160 1311 3232 (dapes)
1328 3159 1471 3231 regiones,
1488 3161 1819 3234 Meduanathapeane)

117 3250 260 3308 Ludovico
269 3248 366 3319 itaque
378 3246 538 3317 imperante
552 3241 698 3298 lleririeus
709 3242 800 3297 abbas
811 3257 877 3296 cnm
888 3243 942 3297 ira·

116 3341 210 3396 trihus
227 3335 367 3411 palatium
384 3333 455 3406 petit
468 3348 574 3403 corpus
589 3330 665 3386 beati
685 3330 781 3385 Patris
792 3329 941 3385 Maximini

116 3427 363 3503 expostulaturus,
376 3422 534 3492 itidemque
561 3420 635 3474 alias
658 3417 800 3475 utilitates
816 3418 871 3474 loci
886 3419 942 3475 sibi

117 3516 265 3574 commissi
281 3531 338 3569 non
356 3511 554 3584 neglecturus,
573 3509 732 3580 Imperator
750 3524 816 3562 vcro
843 3509 943 3564 sarens

116 3607 163 3662 his
178 3602 505 3678 petitionibus,erocato
523 3598 597 3653 lona
608 3597 755 3669 episcopo,
761 3596 852 3668 jussit
862 3597 942 3653 reddi

116 3712 232 3769 corpus,
250 3692 327 3765 quod
344 3706 410 3746 cum
426 3703 532 3757 magno
548 3686 654 3758 gaudio
671 3704 687 3741 a
702 3686 764 3741 leco
775 3685 941 3758 sepulcrali,

116 3788 146 3841 in
163 3801 220 3857 quo
235 3782 264 3836 id
275 3780 445 3852 Sigobertus
456 3777 612 3849 episcopus
623 3777 666 3845 (ut
673 3776 735 3847 jam
748 3775 887 3844 diximus)
898 3775 945 3831 de-

116 3875 254 3948 posuerat
268 3869 422 3933 clevatum,
440 3869 526 3936 atque
541 3864 576 3919 ad
595 3863 770 3919 Micionenso
794 3867 944 3919 monaste·-

117 3965 193 4019 rium
209 3975 276 4015 oum
292 3956 408 4013 ossibus
420 3954 545 4008 duorum
558 3954 622 4024 ejus
632 3953 844 4025 discipulorum
855 3953 946 4008 Theo·

118 4049 222 4106 demiri
238 4045 349 4101 scilicet
365 4048 453 4115 atque
480 4041 640 4108 Maximini,
657 4056 784 4113 quorum
810 4042 944 4113 superius

120 4136 300 4194 mensionem
319 4132 481 4205 posuimus,
500 4130 643 4203 perlatum
658 4135 711 4186 est.

154 4226 198 4281 16.
214 4224 254 4279 De
267 4221 404 4278 Heiririoo
421 4225 518 4275 autem
532 4220 636 4274 abbate
651 4219 820 4287 venerabili,
833 4219 882 4291 qui
899 4219 944 4274 bis

119 4313 302 4386 temporibus
319 4315 362 4378 (ut
377 4309 487 4382 prelati
498 4312 612 4376 sumus)
624 4307 686 4363 loco
697 4306 862 4363 Miciacensi
874 4324 946 4380 pree-

118 4402 268 4471 erat‚illud
279 4401 372 4456 fertur
383 4396 604 4468 mirabile,quia
616 4413 682 4451 curn
696 4400 848 4468 egrotaret
867 4396 944 4468 apud

998 3248 1118 3304 [invium
1135 3264 1228 3319 usque
1244 3264 1304 3303 sue
1320 3247 1449 3304 barbara
1466 3249 1597 3306 subdidit
1613 3249 1732 3308 ditioni.

1033 3336 1066 3391 18
1094 3337 1114 3391 Ε
1130 3337 1250 3408 vestigio
1267 3352 1338 3409 gens
1352 3337 1548 3394 Normannioa
1557 3339 1664 3412 vagina
1675 3357 1737 3397 sua
1747 3339 1819 3397 hebi·

997 3424 1116 3480 tationis
1131 3442 1249 3498 egressa
1263 3442 1321 3480 uon
1338 3443 1418 3481 more
1429 3426 1621 3498 piratico,sed
1633 3427 1818 3487 libe-reterns

998 3514 1189 3586 perverenda,
1207 3515 1276 3569 dum
1294 3531 1378 3569 neme
1394 3516 1514 3584 resistit,
1531 3533 1651 3573 emnem
1668 3535 1752 3575 oram
1766 3534 1820 3574 me·

998 3602 1126 3657 eitimam
1157 3602 1308 3668 incendiis,
1335 3603 1456 3675 rapinis,
1474 3603 1612 3676 omnique
1644 3604 1818 3663 crudelitatis

999 3708 1102 3764 genere
1127 3690 1334 3748 miserabiliter
1357 3693 1493 3749 coniecit.
1510 3693 1643 3766 Denique
1659 3696 1709 3752 dic
1724 3693 1817 3753 nate-

998 3781 1067 3835 tatis
1076 3781 1104 3835 S.
1114 3780 1235 3835 loannis
1248 3780 1384 3852 Baptista
1395 3781 1497 3836 urbem
1506 3781 1714 3839 Namneticam
1725 3785 1819 3841 adorat

999 3873 1174 3935 concremat,
1197 3875 1225 3923 et
1250 3869 1443 3925 (leobardum
1470 3871 1508 3941 (S.
1526 3869 1645 3941 Goberd)
1672 3870 1818 3946 presulem

999 3957 1090 4013 sacris
1107 3957 1265 4011 missarum
1288 3956 1440 4014 solemniis
1464 3959 1609 4015 intentum
1635 3977 1728 4034 super
1749 3974 1819 4017 aram

1000 4045 1124 4101 Ferreoli
1153 4047 1369 4118 martyrisque
1386 4050 1430 4102 est
1446 4047 1481 4102 ad
1498 4045 1598 4104 laram
1615 4050 1689 4106 adis
1705 4050 1737 4106 o.
1754 4044 1820 4107 reri

1000 4133 1819 4206 apostolimatrisceclesieejusdemcivitatisobtraacet,

1000 4223 1234 4294 bacchantesque
1250 4240 1301 4295 per
1316 4223 1457 4296 populum
1473 4223 1546 4281 nulli
1557 4227 1635 4282 atati
1647 4226 1820 4299 parcendum

1000 4314 1114 4383 putant.
1133 4311 1198 4382 lpsa
1214 4312 1285 4366 urbe
1302 4312 1420 4368 incensa
1435 4315 1594 4382 (cna0843)
1610 4332 1679 4370 eum
1691 4315 1823 4372 omnisa-

1000 4399 1136 4471 pcllectili
1153 4399 1277 4455 civitatis
1289 4405 1316 4455 et
1327 4401 1430 4474 grandi
1442 4401 1622 4474 captivorum
1638 4402 1823 4460 multitudiue

118 4493 313 4550 Corbionense
324 4484 875 4562 (cortentmonasteriuminfimitate
888 4502 984 4567 qnep
1001 4488 1030 4543 in
1046 4486 1173 4544 insulam
1190 4488 1350 4559 quamdam
1375 4490 1550 4546 cenobius.
1569 4490 1711 4548 Florentii
1736 4490 1822 4549 conti·

118 4587 146 4638 et
160 4581 369 4648 ebiit,lratrem
387 4578 442 4633 sibi
459 4575 632 4631 irruiiliarius
644 4575 832 4630 inhaerentem
848 4591 946 4630 evoca·

117 4671 190 4727 verit
205 4667 332 4742 persicas
343 4667 398 4723 sibi
410 4664 539 4737 perquiri
546 4665 667 4734 jubens.
677 4665 758 4728 Quod
774 4680 842 4718 cum
858 4664 946 4719 frater

119 4759 275 4813 miraretur
288 4773 356 4812 curn
368 4761 484 4825 tempus
496 4753 522 4806 id
534 4752 700 4806 inveniendi
712 4768 768 4805 noa
781 4756 867 4818 esset,
876 4751 946 4824 quia

119 4848 181 4902 dies
196 4845 423 4919 Epiphanierum
440 4848 523 4896 orarit
540 4859 546 4895 2
564 4841 651 4907 Vade,
669 4841 718 4908 ait,
731 4845 796 4911 post
812 4847 943 4913 cryptam

119 4933 299 4998 monasterii,
316 4936 345 4988 et
361 4931 436 5002 quod
462 4928 607 4984 imeueris
622 4928 710 4983 deser.
724 4929 822 4983 Frater
846 4932 945 4984 autem

120 5023 168 5078 ille
179 5040 235 5077 non
252 5038 304 5093 spo
319 5018 482 5074 inveniendi
499 5018 548 5071 sed
570 5017 792 5088 importunitate
812 5017 947 5087 jubentis

119 5110 304 5179 devictus,ad
319 5106 463 5180 designati
480 5105 533 5161 loci
550 5106 683 5160 arborem
699 5105 832 5174 accessit,
848 5105 877 5161 in
888 5123 947 5179 qua

121 5205 182 5258 tres
198 5201 277 5256 mira
290 5199 395 5270 speciei
413 5197 541 5268 persicas
557 5194 678 5261 invenit,
694 5213 818 5267 quarum
836 5195 948 5250 similes

120 5307 174 5346 suo
184 5295 315 5360 tempore
331 5287 418 5343 arbor
433 5286 482 5340 illa
493 5301 644 5356 nunquam
657 5284 786 5339 ediderat
799 5301 805 5337 :
819 5300 892 5355 quas
902 5301 948 5340 ce-

120 5373 867 5448 leritcrexbioitasegrotussuscipiensomnipoteuti
879 5374 946 5441 Deo,

121 5472 228 5525 senetur
239 5465 371 5523 videlicet
382 5463 517 5520 'l'rinitati
530 5464 638 5535 gratias
648 5462 821 5529 reddidit,ct
838 5462 872 5518 de
891 5463 949 5519 iru-

121 5562 170 5616 ctu
187 5561 347 5615 memerato
358 5553 539 5630 progestans
551 5568 618 5610 cum
630 5552 733 5609 tratres
748 5551 882 5629 filiosque
898 5553 951 5613 llo-

1000 4592 1090 4649 gnum
1108 4579 1303 4640 revertuntur,
1320 4575 1420 4648 ibique
1437 4576 1662 4634 contubernium
1683 4580 1822 4646 statuunt,

1000 4664 1143 4736 quidquid
1172 4664 1278 4719 alicubi
1308 4665 1546 4737 depredarentur
1575 4682 1608 4722 eo
1634 4668 1822 4725 conterentes.

1001 4753 1129 4807 Primum
1147 4753 1266 4825 quidem
1277 4753 1423 4826 imperitia
1434 4756 1585 4827 equitandi
1597 4754 1746 4829 longiores
1755 4760 1825 4811 vete·

1001 4843 1050 4897 bat
1065 4858 1222 4907 excursus;
1240 4843 1275 4896 ad
1292 4848 1473 4914 postremum
1490 4862 1555 4901 vcro
1571 4863 1604 4901 eo
1622 4858 1678 4901 usu
1693 4845 1825 4902 exercite·

1000 4931 1089 4987 tiores
1105 4946 1161 4985 nou
1174 4929 1270 4985 solum
1282 4948 1406 5003 qrueqne
1418 4933 1543 4989 finitima
1561 4934 1612 4989 scd
1622 4934 1724 5006 procul
1736 4933 1828 5007 posta

1000 5024 1206 5092 pervagantur,
1224 5019 1352 5074 cedibus
1374 5021 1526 5093 opplentes
1539 5022 1640 5077 omnia
1655 5026 1741 5095 (carro
1754 5022 1825 5093 853).

1002 5109 1109 5163 lterum
1135 5124 1203 5180 ergo
1229 5106 1351 5163 navibus
1377 5111 1545 5166 conscensis
1576 5112 1705 5167 Turonis
1730 5126 1827 5185 parva·

1002 5198 1086 5264 dunt,
1117 5213 1225 5268 perque
1254 5195 1368 5252 alveum
1405 5199 1515 5272 Ligeris
1545 5200 1580 5255 ad
1615 5200 1828 5258 monasterium

1003 5285 1096 5340 Putris
1126 5285 1277 5340 Maximini
1304 5285 1475 5358 perveniunt
1492 5305 1498 5342 :
1517 5289 1594 5361 qued
1624 5306 1754 5346 vacuum
1776 5289 1828 5345 ho·

1003 5374 1133 5429 minibus
1149 5374 1335 5445 reperientes,
1346 5392 1468 5448 quaque
1480 5377 1665 5433 occurrentia
1675 5378 1827 5452 diripiunt,

1003 5468 1031 5520 ct
1047 5465 1081 5518 ad
1099 5462 1236 5518 ultimum
1253 5464 1370 5519 admoto
1387 5464 1453 5537 igne
1469 5470 1581 5538 aparte
1597 5466 1723 5523 australi
1738 5465 1829 5523 Flecte

1005 5553 1078 5612 siurn
1091 5553 1261 5611 ceinturrerc
1275 5559 1430 5614 conantur.
1443 5556 1497 5616 Sed
1514 5561 1648 5616 servante
1659 5572 1694 5616 eo
1705 5557 1758 5634 qui
1772 5570 1830 5615 nea
