3900 6090
132 292 209 351 10³7

620 290 827 354 COMOEDIAE
848 289 933 350 SEX.
950 322 989 332 —

1002 288 1040 349 V.
1063 286 1327 351 Paeauurlos.
1757 286 1835 352 {038

129 439 205 489 aare,
222 422 292 495 quia
301 439 359 479 non
374 422 500 483 arbitror
510 423 637 496 pretium
657 422 766 496 piaculi
777 425 878 495 aptum
890 424 995 490 esseA
1010 409 1145 476 me'ultra
1159 423 1254 477 vestro
1269 419 1363 476 umori
1377 418 1509 476 cedendi.

129 512 166 569 ad
181 528 256 585 opus
268 512 414 570 beneficit.
498 513 502 521 “

461 619 654 661 erraremus.

1344 523 1504 567 aunuente:

1044 600 1177 657 Subsiste
1198 597 1357 673 paulisper,
1384 597 1523 669 subsiste,
1538 602 1568 656 et
1595 597 1750 657 materiam
1778 601 1835 657 tua

163 683 251 747 Recte
265 690 427 748 arbitraria.
444 692 480 749 ut
495 691 564 765 quid
578 692 613 748 dc
628 690 775 764 congestis
790 693 888 745 actum
912 688 954 744 irc
1008 687 1236 765 perturbationis
1250 688 1363 761 detege.

128 778 301 836 meditaris?

494 884 587 925 runis.

164 957 225 1028 igni
241 957 356 1013 tradere
371 962 400 1013 et
415 958 445 1013 in
462 958 590 1014 favillam
606 957 746 1030 redigere.

442 1079 635 1121 enarraremus.

161 1136 375 1203 Quamobrem?

438 1259 440 1262 ν
497 1242 590 1282 raus.

160 1314 201 1372 Ns
222 1313 403 1371 retineantur
428 1314 458 1370 in
479 1314 602 1382 mundo,
617 1329 685 1386 quaa
711 1311 787 1370 maie
810 1310 951 1386 accprisiri

125 1420 184 1460 nou
201 1403 312 1475 absque
328 1404 430 1460 mundi
446 1402 575 1460 Factoris
590 1402 709 1475 injuria.

439 1507 634 1549 rarnnurrus.

160 1581 296 1654 Oquam
324 1586 439 1639 mutata
467 1598 499 1638 aa
527 1582 563 1638 ab
592 1581 644 1637 ilia
672 1597 735 1654 qua
763 1581 846 1655 prius
873 1597 949 1649 eras,

1371 795 1465 836 runis.

1043 866 1105 922 Non
1119 866 1260 936 subsisto,
1273 884 1326 923 nec
1341 884 1507 924 sermonem
1522 867 1673 925 vobiscum
1688 867 1815 926 contero.

1339 969 1499 1014 auaronaa.

1042 1046 1100 1101 Cur
1114 1044 1301 1118 dedignando
1316 1061 1371 1101 nos
1387 1044 1523 1102 fastidis?
1534 1045 1612 1102 Num
1628 1043 1756 1118 aliocujus
1766 1046 1833 1102 inil-

1006 1132 1135 1192 delitatis
1161 1151 1215 1191 nos
1237 1134 1357 1207 arguis?
1376 1133 1478 1190 Nonne
1496 1149 1612 1207 semper
1636 1132 1834 1193 satisfecimus
1932 1188 1935 1195 ,

1005 1223 1066 1279 tuis
1078 1223 1177 1281 votis?
1191 1226 1266 1282 Ettu
1282 1225 1384 1300 iniquo
1398 1226 1465 1282 odio
1480 1242 1534 1284 nos
1544 1225 1635 1300 gratis
1650 1223 1814 1284 insectaris.
1855 1254 1858 1261 ·

1042 1398 1194 1470 Dimittita,
1204 1401 1294 1460 nolite
1308 1331 1531 1461 vastlbssbbnm
1554 1402 1729 1461 attrahendo
1754 1403 1833 1461 scin·

1006 1486 1084 1543 dere.
1105 1488 1150 1544 Sit
1172 1490 1256 1560 satis,
1272 1491 1350 1564 quod
1374 1491 1432 1547 buc
1457 1506 1550 1564 usque
1579 1491 1729 1563 peccando
1749 1489 1833 1549 vobis

1005 1577 1150 1634 consensi.
1167 1577 1248 1636 Finis
1262 1579 1355 1637 instat
1375 1580 1528 1653 peccandi,
1542 1584 1720 1654 tempusque
1739 1577 1833 1638 nostri

124 1671 241 1745 quando
268 1670 370 1732 illicito
396 1686 494 1728 amore
519 1671 675 1744 flagrabas,
699 1669 826 1728 avaritie
855 1668 951 1727 calore
1004 1663 1133 1739 discidii,

123 1758 286 1818 estuabasi

488 1865 582 1905 runis.

156 1938 290 1995 Fortasse
302 1937 438 1994 mutabor
452 1937 481 1993 in
498 1936 615 2003 melius,
631 1936 656 1994 si
670 1936 808 1993 annuerit
822 1936 910 1993 Deus.

436 2041 629 2082 raruuurrus.

153 2117 215 2172 Non
230 2120 275 2173 cst
289 2114 408 2171 difficile
424 2113 602 2171 immutabili
619 2115 683 2186 ejus
708 2114 878 2170 substantia
901 2131 947 2169 res

119 2209 152 2261 ut
168 2203 240 2261 libet
256 2207 380 2260 mutare.

473 2308 567 2350 ranis.

154 2383 214 2452 ibo,
231 2387 260 2438 et
274 2398 337 2455 qun
353 2381 478 2454 cogitavi
489 2398 575 2454 opere
591 2380 753 2455 complebo.

434 2485 628 2527 rnrnnurrus.

154 2560 234 2618 Vade
248 2560 278 2616 in
294 2576 376 2634 pace,
392 2559 538 2632 citiusque
553 2560 589 2615 ad
606 2575 653 2614 mc
669 2562 819 2615 revertere.

449 2665 565 2724 souitu
578 2664 625 2723 lV.

493 2769 576 2811 rania

154 2845 322 2914 Conuenite,
335 2843 545 2917 properamini,
559 2861 686 2918 nequam
703 2849 847 2902 amatores
858 2845 926 2900 mei.

456 2949 615 2989 nuaronus.

151 3022 213 3081 Vox
227 3022 348 3081 Thaidis
362 3039 416 3079 nos
427 3022 567 3078 vocantis.
578 3023 741 3079 Adventum
752 3028 944 3096 maturemus,

118 3129 155 3169 ne
172 3112 255 3169 illam
269 3112 413 3169 tardando
428 3111 622 3170 offendamus.

488 3214 580 3257 auus.

962 1798 988 1865 Β
1038 1828 1099 1894 Quo
1114 1828 1232 1886 tendis?

1337 1773 1497 1816 ΑΜΑΊὈΜΒ.

1371 1935 1464 1976 runis.

1038 2013 1092 2070 Uhi
1109 2031 1193 2072 namo
1209 2021 1339 2073 vestrum
1354 2016 1476 2091 posthac
1495 2033 1542 2073 me
1556 2015 1673 2076 videbit.

1339 2121 1498 2162 auarcnas.

1038 2189 1140 2263 Papaei
1158 2191 1232 2258 Quid
1243 2192 1297 2249 hcc
1314 2194 1439 2252 monstri
1454 2195 1596 2266 estquod
1608 2195 1701 2253 nostri
1720 2194 1830 2253 delicia

1002 2278 1102 2345 Thais,
1111 2296 1175 2351 que
1186 2281 1295 2337 divitiis
1320 2283 1441 2340 asiluere
1466 2299 1584 2356 semper
1600 2282 1753 2353 laboravit,
1766 2300 1830 2357 qua

1001 2372 1131 2426 montem
1146 2386 1164 2426 a
1176 2369 1298 2428 lascivia
1308 2387 1461 2444 uunquam
1472 2372 1594 2429 retraxit
1607 2377 1636 2429 ct
1650 2371 1830 2447 sevoluptati

1000 2455 1117 2528 penitus
1137 2457 1227 2527 dedit,
1242 2463 1326 2516 tantu
1349 2459 1413 2515 auri
1433 2475 1679 2534 gemmarumque
1697 2460 1830 2535 insignia

1000 2543 1111 2616 absquo
1126 2545 1332 2603 retractatione
1347 2546 1484 2619 perdidit,
1495 2551 1525 2604 ot
1540 2564 1594 2605 uos
1606 2546 1653 2605 eui
1663 2548 1830 2606 amasiones

1000 2632 1186 2706 dedignando
1200 2635 1311 2708 sprevit
1325 2636 1483 2708 subitoque
1496 2653 1554 2694 uon
1565 2637 1749 2710 comparuit?

1331 2742 1446 2800 SCllNA
1460 2742 1494 2799 V.

1035 2916 1088 2986 lin,
1104 2922 1188 2990 putor
1203 2848 1461 2991 Paphnuubbbbb
1475 2921 1512 2977 ad
1527 2920 1750 2994 obsequendum
1773 2922 1828 2980 tibi

999 3006 1231 3079 promptissima.

1321 3114 1512 3158 rcranorrus.

959 3157 981 3225 G
1035 3184 1107 3252 Quia
1122 3202 1235 3244 moram
1247 3186 1276 3242 in
1290 3187 1433 3245 veniendo
1444 3188 1727 3256 locisti,eoarctabar
1737 3188 1828 3247 nimis

151 3290 327 3360 &0010th
342 3289 489 3361 modim,
510 3294 543 3346 ut
566 3306 672 3362 queam
692 3291 844 3349 vobiscum
859 3292 947 3349 verba
999 3274 1125 3332 verendo
1148 3279 1176 3331 te
1204 3276 1311 3333 iterum
1339 3275 1516 3351 implicitam
1543 3294 1609 3337 esse
1637 3278 1829 3338 secularibus

117 3377 254 3436 miscere.
1001 3363 1134 3437 negotiis.

452 3482 613 3523 AMATOMS.
1370 3472 1464 3515 rums.

155 3557 295 3624 onais,
311 3556 490 3629 Thnjs‚quid
505 3556 562 3613 sibi
579 3555 852 3630 vultrogug‚q110m
876 3573 947 3614 eon-
1038 3541 1079 3599 Ne
1093 3541 1261 3612 idueraare,
1277 3542 1347 3616 quia
1362 3544 1455 3601 multo
1470 3545 1550 3603 aliud
1567 3545 1640 3604 mihi
1653 3550 1786 3605 versatur
1799 3545 1831 3603 in

118 3644 235 3704 struis?
259 3645 320 3702 Gur
345 3645 541 3718 pretiosarum
575 3644 745 3702 varietatem
779 3645 947 3705 divitiarum
1002 3634 1111 3687 m011t0'·
1121 3630 1194 3687 Nm
1210 3631 1520 3704 retisii11¹i¹iart³⁸j¹¹lta
1532 3632 1607 3692 Vssllss
1621 3649 1721 3692 mum
1733 3635 1830 3709 ‘¹¹⁸9st

114 3736 204 3809 iuxta
217 3752 319 3810 regum
335 3735 491 3809 congeris?

490 3841 583 3883 rums.

157 3913 296 3986 nomast

449 4020 609 4062 nuaroars.

155 4091 345 4151 admiramur
356 4093 441 4177 satia.

485 4199 578 4241 raus.

155 4269 305 4345 Exponam
321 4271 421 4331 eitius.

451 4377 611 4420 laerones.

157 4431 215 4490 lloc
231 4437 378 4506 optamus.

492 4538 585 4578 runis.

156 4610 296 4683 Aspicite.

457 4715 617 4758 auaronrs.

105 4853 107 4856 ,
157 4788 288 4859 Quiesce,
312 4788 437 4861 quiesco,
450 4789 550 4857 Thais,
577 4788 658 4855 Quod
684 4788 771 4860 agis?
795 4789 871 4844 Num
901 4789 950 4847 dt)

121 4878 259 4936 insanis?

486 4984 580 5026 runis.

155 5056 217 5112 Non
233 5054 358 5124 insanio,
376 5056 426 5113 sed
443 5073 549 5113 sunum
565 5055 657 5128 sapio.

456 5162 616 5201 auaronrs.

155 5233 192 5289 Ut
207 5232 279 5306 quid
295 5232 356 5289 hac
366 5234 491 5307 perditio
516 5232 799 5306 quadringentarum
825 5235 888 5291 auri
914 5233 950 5289 ii-

119 5322 254 5391 brarum,
271 5339 339 5379 cum
355 5320 480 5380 aliarum
497 5321 664 5379 diversitate
679 5322 841 5394 gazarum?

493 5426 587 5467 runis.

159 5498 252 5557 Omne
280 5502 359 5574 quod
380 5501 526 5574 injustea
549 5501 631 5557 vobis
656 5499 858 5572 exterritique
887 5501 951 5559 volo

1002 3717 1060 3787 sui,
1076 3717 1208 3791 meisque
1222 3719 1425 3777 amasionibus
1440 3720 1558 3793 publiea
1572 3722 1787 3780 abrenuntiari.

1320 3823 1514 3867 aaranurrue.

1039 3899 1113 3966 Quia
1126 3897 1173 3955 his
1181 3896 1407 3965 abrenuntiasti,
1415 3914 1542 3971 superno
1551 3898 1743 3974 amatoritam
1751 3914 1830 3959 nuuc

1004 3987 1114 4060 poteris
1130 3985 1271 4059 copulari.

1370 4092 1463 4134 raus.

1038 4166 1136 4222 Tuum
1150 4168 1196 4221 est
1211 4163 1284 4221 mibi
1304 4163 1382 4221 velut
1396 4166 1477 4223 radio
1493 4167 1682 4240 prescribere
1697 4167 1769 4240 quid
1784 4182 1831 4227 me

1004 4257 1136 4326 oporteat
1151 4253 1262 4312 factum
1277 4252 1329 4311 ire.

1319 4359 1512 4405 rasanurrus.

1041 4432 1170 4506 Sequere
1184 4448 1241 4490 me.

1372 4540 1466 4582 rnars.

1040 4613 1152 4684 Sequar
1163 4611 1242 4669 enirn
1258 4612 1472 4682 ambulatione;
1485 4630 1502 4672 o
1517 4613 1631 4673 utinam
1651 4629 1790 4687 sequerer
1802 4618 1832 4672 et

1006 4701 1132 4757 actiouci

1308 4792 1440 4848 suana
1470 4791 1525 4850 Vl.

1320 4896 1513 4936 rnennurrus.

1041 4969 1113 5024 Eece
1127 4968 1304 5034 coenobium,
1321 4968 1351 5022 in
1367 4984 1424 5040 quo
1439 4985 1591 5025 sacrarum
1605 4970 1755 5043 virginum
1779 4988 1831 5029 no-

1006 5057 1062 5113 bile
1078 5061 1277 5113 commoratur
1291 5056 1457 5130 collegium.
1471 5060 1510 5114 lio
1524 5057 1580 5114 loci
1595 5058 1688 5133 gestio
1704 5065 1732 5117 ta
1748 5076 1831 5119 man·

1006 5163 1072 5201 surr.
1089 5147 1131 5200 ire
1146 5146 1263 5218 agenda
1275 5146 1404 5218 spatium
1421 5147 1607 5219 poenitentiae.

1375 5252 1467 5291 ranis.

1041 5325 1104 5379 Non
1120 5323 1342 5381 contraluctor.

1325 5430 1518 5472 aaruaurius.

1042 5502 1170 5570 latrabo,
1187 5505 1215 5559 et
1229 5501 1411 5560 abbatissam
1433 5502 1594 5564 ductricem
1609 5504 1756 5583 virgiuum
1780 5521 1833 5582 pro

124 5588 259 5663 orsmari,
275 5605 312 5650 ue
323 5588 403 5650 ullus
413 5591 505 5650 tomes
515 5589 597 5648 vobis
612 5588 797 5665 relinquatur
814 5591 953 5667 sperandi
993 5591 1050 5684 ‚tui
1066 5591 1251 5669 susceptione
1265 5589 1398 5668 placabo.
