3900 6090
126 329 183 390 387
656 317 819 384 GEZONIS
841 314 1007 376 llliBA'l'lS
1030 312 1301 375 Dlllt'lONllllSlS
1774 315 1835 379 388

126 463 202 519 cludi
216 466 226 517 ἓ
242 462 272 516 lu
289 463 388 514 nostra
411 456 590 513 dedicandus
613 460 658 510 est
679 455 786 520 mente,
802 450 832 505 in
848 452 948 505 nostro
962 457 990 524 Α
1004 447 1057 502 hoe
1069 446 1296 502 suciteinmeam
1308 448 1626 502 commemorationem.
1644 446 1738 503 Simili
1748 448 1835 504 medo

125 550 342 610 consecrandus
357 551 401 604 est
422 550 546 618 pectore.
564 544 622 601 Nec
638 558 745 600 nomen
759 539 808 598 Dei
827 554 952 611 quaeras,
1008 540 1037 591 et
1045 535 1164 592 calicem
1174 540 1329 608 postquam
1340 540 1486 592 coenatum
1498 540 1542 593 est
1552 535 1667 593 dicens:
1679 535 1739 592 lloc
1748 552 1836 609 poeu-

126 647 181 699 m,
1007 623 1070 679 lum
1086 641 1192 681 novum
1207 627 1472 681 testamentumest
1485 625 1515 681 in
1526 640 1591 681 meo
1606 624 1749 698 sanguine
1761 641 1768 694 ;
1779 624 1836 682 hoc

235 728 304 783 Cir.
320 726 393 781 Xlll.
410 758 442 766 -
457 725 625 797 depastione
640 722 672 778 dc
687 721 840 777 Deliacon.
1007 712 1091 769 facite
1112 714 1141 769 in
1167 730 1263 769 meam
1290 714 1610 771 commemorationem.
1627 713 1762 770 Ostendit
1775 714 1837 772 illis

156 818 222 873 lam
232 833 283 871 vos
294 814 396 870 mundi
410 813 481 869 estis
492 817 610 887 propter
620 811 739 866 verbum
749 809 826 881 qued
836 807 951 862 locutus
1008 803 1179 874 mysterium
1196 800 1643 859 eucliaristieintereoenandum
1653 802 1835 859 celebratum

124 923 191 962 sum
206 905 299 960 vebis.
312 905 405 969 Quare
417 920 474 958 uon
489 901 550 956 ait:
567 900 667 955 blandi
685 898 754 954 estis
771 899 888 969 prepter
900 895 949 949 ba·
1007 908 1062 944 noir
1080 907 1191 945 crunam
1208 908 1281 945 esse.
1295 890 1437 946 Medicina
1449 891 1527 947 enim
1539 890 1701 964 spiritualis
1711 895 1835 964 estque

122 994 263 1067 ptismum
275 1009 333 1064 que
348 991 439 1045 abluti
451 990 521 1045 estis
535 1008 541 1056 ;
554 990 604 1044 scd
617 989 675 1043 ait:
693 985 949 1058 l‘repterverbum,
1006 996 1071 1033 carin
1089 981 1250 1035 reuerentia
1273 981 1428 1052 degustata
1452 979 1587 1052 purificat
1611 980 1667 1037 sibi
1683 982 1834 1037 devotum.

122 1083 201 1155 quod
218 1080 409 1136 locutussum
422 1077 573 1146 volsisprisi
586 1076 654 1148 quia
664 1080 693 1130 et
703 1075 732 1129 iu
744 1072 950 1146 aquaverbum
1006 1068 1156 1139 Siquidem
1173 1069 1315 1124 memoria
1329 1069 1538 1142 redemptionis
1552 1075 1655 1126 nostre
1666 1073 1762 1140 est,ut
1778 1070 1834 1126 lte-

122 1160 950 1238 mundat.Det1·abeverbum,etquidestaquanisiacqua?
1005 1156 1165 1229 demptcris
1180 1175 1335 1227 memores,
1344 1158 1456 1230 majora
1470 1160 1505 1214 ab
1520 1174 1554 1215 eo
1569 1159 1708 1231 consequi
1724 1175 1837 1215 incres-

121 1260 239 1318 decedit
253 1260 375 1314 verbum
387 1259 422 1312 ad
435 1256 660 1322 elementum,et
674 1254 705 1308 itt
720 1254 947 1320 sacramentum,
1005 1262 1081 1314 arur,
1099 1250 1222 1303 mertem
1237 1247 1352 1303 Domini
1369 1248 1587 1315 arinuntiantes,
1603 1249 1694 1304 donec
1722 1248 1833 1304 veniat.

122 1350 209 1406 etiam
224 1347 322 1420 ipsum
335 1351 475 1419 tanquam
486 1346 600 1402 visibile
610 1344 744 1403 verbum.
757 1343 830 1397 Nam
843 1341 878 1396 de
894 1341 950 1397 hoc
1003 1335 1077 1401 Quia
1089 1335 1168 1391 enim
1183 1342 1276 1392 morta
1291 1336 1406 1392 Domini
1421 1336 1535 1393 liberati
1552 1353 1665 1406 sumus,
1682 1337 1775 1410 hujus
1790 1338 1834 1394 rei

121 1437 223 1510 utique
238 1436 361 1503 dixerat,
379 1435 495 1507 quando
520 1436 608 1507 pedes
629 1431 782 1505 discipulis
798 1429 877 1485 lavit.
894 1427 948 1495 Qui
1003 1440 1147 1481 memores
1163 1426 1192 1480 in
1208 1426 1319 1482 edendo
1335 1428 1363 1481 ct
1377 1427 1504 1499 potando
1524 1443 1642 1482 carnem
1662 1431 1693 1483 ct
1707 1426 1833 1500 sangui-

121 1525 199 1583 lotus
210 1529 325 1597 cst‚nou
337 1523 646 1595 indigetutlavct,sed
658 1521 841 1578 estmuudus
857 1523 947 1574 totus.
1003 1529 1080 1582 nom,
1098 1531 1161 1586 qum
1176 1514 1330 1585 pronubis
1346 1515 1444 1571 ablata
1464 1520 1543 1583 sunt,
1560 1514 1761 1589 significamus
1777 1533 1832 1572 no·

121 1614 202 1671 Unde
217 1614 273 1670 ista
300 1616 380 1668 tanta
402 1611 604 1684 viciaecque,
624 1617 657 1666 ut
671 1628 777 1683 cerpus
793 1611 903 1681 tangat,
919 1612 949 1662 et
1002 1619 1070 1656 vum
1097 1606 1304 1658 testamentum
1326 1604 1355 1658 in
1380 1604 1427 1659 his
1443 1603 1585 1673 consueti,
1602 1605 1679 1677 quod
1694 1609 1740 1662 est
1754 1623 1832 1661 nova

119 1704 295 1774 concidunt,
312 1701 368 1758 nisi
391 1701 514 1757 iaciente
539 1702 650 1758 verbo?
665 1701 728 1756 Non
744 1699 813 1771 quia
827 1697 945 1766 dicitur,
1002 1689 1057 1760 lex,
1074 1708 1137 1763 qua
1152 1692 1336 1748 obedientem
1352 1693 1408 1749 sibi
1431 1694 1521 1750 tradit
1535 1694 1703 1751 coelestibus
1718 1694 1829 1767 regnis.

119 1797 168 1853 scd
200 1794 269 1866 quia
292 1791 429 1848 creditur.
447 1792 520 1847 Nam
536 1795 565 1848 et
584 1792 613 1846 in
629 1791 693 1864 ipso
709 1790 795 1844 verbo
812 1786 888 1844 alius
902 1791 948 1841 est
1002 1779 1075 1835 Nam
1091 1785 1120 1835 et
1135 1780 1247 1855 Moyses
1273 1786 1391 1855 accepto
1417 1783 1560 1856 sanguino
1583 1783 1667 1839 vituli
1683 1784 1712 1838 in
1729 1788 1833 1857 patera

119 1901 210 1942 senus
227 1881 383 1949 transiens,
400 1879 478 1936 eliud
495 1880 588 1936 virtus
605 1896 737 1946 manens,
753 1877 808 1933 hoc
823 1881 868 1933 est
882 1891 947 1931 vor·
1002 1870 1128 1941 aspersit
1140 1886 1229 1941 super
1254 1870 1330 1926 lilios
1355 1872 1444 1929 lsrael
1467 1871 1567 1928 diceus
1583 1889 1590 1927 :
1607 1871 1666 1928 Hoc
1680 1874 1727 1928 est
1739 1876 1833 1928 testa-

119 1975 191 2030 bum
207 1971 286 2041 fidei,
302 1970 380 2042 qued
397 1968 601 2042 predicamus.
619 1969 666 2024 nit
680 1966 836 2040 Apostolus
853 1983 859 2021 :
876 1963 950 2031 Quin
1003 1961 1136 2012 mentum
1152 1960 1230 2030 quod
1246 1959 1393 2033 disposuit
1403 1961 1546 2017 Denrinus
1556 1962 1592 2018 ad
1603 1960 1727 2018 voslloc
1736 1961 1834 2036 ligura

119 2061 144 2118 si
160 2061 313 2117 confessus
341 2056 432 2112 lucris
457 2055 486 2110 in
508 2073 557 2112 ore
577 2061 630 2112 ¹tuo
654 2054 724 2127 quia
747 2053 889 2109 Dominus
903 2055 949 2108 est
1002 2044 1059 2102 luit
1074 2049 1242 2104 testamenti
1259 2050 1338 2121 quod
1355 2049 1498 2106 Dominus
1511 2048 1834 2123 novumappellavit,ut

119 2151 218 2217 lesus,
234 2152 264 2203 ot
278 2144 435 2204 credideris
449 2145 480 2200 in
496 2146 581 2200 eorde
604 2150 653 2200 tuo
677 2142 746 2216 quia
771 2143 847 2199 Deus
862 2140 947 2196 illum
1002 2133 1074 2190 illud
1085 2141 1169 2193 vetus
1185 2138 1223 2193 sit
1238 2138 1317 2210 quod
1334 2139 1448 2212 Moyses
1464 2139 1595 2196 tradidit.
1607 2140 1832 2197 Testamentum

119 2236 303 2295 suscitavita
318 2235 453 2301 mortuis,
467 2234 564 2290 saluus
584 2234 649 2290 eris.
667 2233 758 2289 Corde
769 2231 897 2287 creditur
911 2231 947 2286 ad
1001 2241 1069 2297 ergo
1081 2228 1225 2299 sanguine
1240 2229 1433 2285 constitutum
1450 2229 1577 2301 estquis
1593 2228 1727 2285 beneficii
1742 2227 1833 2285 divini

116 2327 279 2400 justitiarii,
297 2342 332 2381 ne
352 2324 421 2396 (ore)
438 2322 742 2379 autemsrtconfessio
759 2319 945 2376 adsalutem.
1002 2315 1155 2387 sauguinis
1171 2317 1255 2373 testis
1269 2321 1323 2384 est,
1341 2318 1371 2373 in
1395 2319 1481 2390 cujus
1503 2323 1605 2391 typum
1630 2335 1685 2374 nos
1709 2316 1832 2374 calicem

121 2413 202 2470 Unde
213 2417 242 2468 ct
252 2412 282 2466 in
292 2411 413 2466 Actibus
430 2408 629 2483 apostolerum
645 2409 769 2482 legitur:
786 2409 854 2464 Fido
865 2424 948 2462 mun·
1001 2405 1158 2475 mysticum
1182 2407 1217 2461 ad
1244 2407 1397 2462 tuitionem
1422 2406 1552 2480 corporis
1576 2411 1605 2463 et
1618 2405 1787 2480 sanguinis,
1802 2409 1832 2462 ct

119 2503 194 2559 dans
207 2502 294 2558 corda
308 2515 420 2556 eorum.
432 2500 468 2554 Et
478 2498 507 2553 in
516 2483 646 2570 Epistola
657 2515 711 2554 sua
722 2498 751 2554 B.
766 2497 868 2553 Petrus
880 2513 886 2550 :
899 2496 947 2552 Sic
1001 2492 1104 2549 anima
1113 2494 1302 2568 percipimus,
1311 2497 1381 2568 qaia
1392 2496 1514 2570 sanguis
1524 2497 1639 2554 Domini
1653 2495 1831 2571 sanguinem

119 2595 147 2647 et
162 2608 223 2658 vos,
242 2589 347 2661 iuquit,
365 2586 512 2660 baptisma
536 2586 632 2642 salvos
656 2586 750 2654 saciet,
768 2603 825 2641 non
850 2583 946 2641 carnis
999 2587 1134 2638 nostrum
1146 2584 1371 2652 redemit,idest
1383 2590 1478 2641 totum
1495 2585 1645 2642 hominem
1660 2585 1777 2642 salvum
1789 2586 1830 2643 ie·

119 2679 262 2751 depositio
278 2676 419 2743 sordium,
438 2677 489 2731 sed
513 2675 698 2731 conscientias
723 2676 804 2731 bone
823 2673 946 2728 interro·
999 2671 1048 2728 cit.
1059 2671 1131 2727 Caro
1146 2671 1224 2727 euim
1242 2672 1400 2730 Salvatoris
1416 2693 1467 2748 pre
1493 2673 1589 2731 salute
1605 2674 1749 2747 corporis,
1764 2690 1831 2730 san·

118 2769 210 2840 gutia,
228 2767 283 2822 boc
298 2770 342 2821 est
357 2766 477 2820 verbum
495 2765 561 2820 adei
577 2764 654 2836 quod
670 2762 873 2836 praedicamus,
889 2779 947 2834 qua
999 2761 1065 2832 guis
1080 2777 1146 2816 vcro
1157 2778 1208 2833 pro
1222 2762 1321 2817 anima
1337 2767 1437 2818 nostra
1451 2764 1563 2819 effusus
1579 2768 1633 2832 est,
1651 2763 1729 2820 sicut
1746 2763 1831 2837 prius

118 2857 181 2912 siue
196 2855 296 2922 dubio,
313 2857 346 2908 ut
361 2854 503 2908 mundare
531 2849 945 2925 pessit‚conseeraturctba·
1000 2851 1218 2922 praefiguratum
1247 2852 1342 2907 luerat
1365 2869 1383 2907 a
1407 2853 1627 2924 Mopsc:Caro,
1645 2852 1752 2926 inquit,
1776 2869 1830 2926 pro

118 2941 848 3016 ptismus.Cl1ristusquippenobiscurnvitiscum
864 2939 946 2994 Patre
999 2940 1513 3014 corperovostroeilcrtur,sanguis
1542 2959 1609 2998 vcro
1639 2958 1691 3014 pro
1717 2942 1830 3011 anima,

117 3033 247 3106 agricola
261 3031 362 3086 dilexit
377 3031 547 3098 Ecclesiam,
559 3035 588 3085 et
603 3047 634 3085 se
650 3031 747 3102 ipsum
764 3029 883 3084 tradidit
894 3045 945 3101 pro
998 3027 1121 3100 ideoque
1133 3046 1189 3083 non
1201 3031 1441 3086 manducandum
1455 3031 1640 3104 sanguinem.
1652 3032 1755 3104 ltaque
1765 3032 1833 3105 qul-

117 3139 161 3177 ca.
176 3118 441 3193 Legenpostuluur,
453 3120 554 3174 etvide
567 3119 637 3190 quid
653 3120 816 3191 adjungat:
834 3118 944 3173 Uteam
999 3134 1125 3190 cunique
1150 3119 1241 3174 ederit
1260 3136 1364 3192 panem
1389 3121 1478 3188 hunc,
1505 3126 1557 3176 aut
1580 3120 1687 3177 biberit
1707 3120 1832 3180 calicem

118 3210 325 3276 sanctificaret,
339 3208 444 3279 iuquit,
456 3209 678 3262 mundauseam
693 3207 806 3263 lavacro
822 3224 904 3278 aqum
915 3207 943 3261 in
962 3206 1113 3282 caerulei
1131 3207 1260 3279 indigne,
1276 3209 1400 3264 Domino
1419 3227 1487 3266 reus
1503 3209 1558 3265 crit
1572 3209 1702 3282 corporis
1718 3214 1747 3266 et
1758 3227 1830 3267 san·

118 3299 214 3354 verbo.
239 3296 390 3352 Mundatio
416 3295 507 3368 igitur
529 3313 716 3368 nequaquam
733 3299 809 3352 lluxe
821 3301 848 3351 ot
863 3293 944 3350 labili
1001 3294 1100 3368 guinis
1112 3296 1398 3371 Dominilndignum
1410 3298 1481 3354 dicit
1491 3316 1555 3355 esse
1566 3298 1832 3372 Domino·‚qualitcr

117 3388 297 3443 tribueretur
323 3383 476 3452 elemento,
496 3384 550 3440 nisi
576 3386 732 3441 adderetur
754 3387 783 3440 in
802 3385 880 3441 certo
895 3382 945 3456 (3).
1002 3384 1173 3457 mysterium
1188 3384 1323 3455 celebrat,
1339 3388 1416 3459 quod
1432 3389 1469 3443 ab
1485 3404 1518 3444 eo
1534 3389 1676 3444 traditum
1691 3393 1748 3446 est.
1763 3390 1828 3447 Non

117 3477 177 3533 Hoc
192 3475 314 3532 uerbum
330 3473 397 3530 fidei
412 3478 528 3529 tantum
543 3472 619 3529 valet
634 3472 665 3529 in
680 3473 809 3530 Ecclesia
839 3473 900 3538 Dei,
914 3477 947 3528 ut
1000 3473 1078 3529 enim
1093 3476 1320 3546 potcstdevotus
1335 3477 1468 3550 assequi
1478 3477 1562 3534 aliter
1571 3479 1727 3551 presumit
1737 3494 1828 3552 qaam

118 3582 169 3638 per
194 3564 289 3637 ipsam
316 3563 493 3629 credentem,
518 3563 698 3631 atterentem,
715 3563 944 3632 benedicentem,
1001 3563 1102 3618 datum
1118 3568 1163 3619 est
1177 3564 1214 3621 ab
1229 3565 1427 3623 auctore.ldeo
1443 3571 1604 3640 praemonet
1617 3571 1651 3624 nt
1664 3567 1830 3628 swend-

117 3653 387 3727 tingentem,etiam
396 3651 545 3707 tantillum
555 3652 678 3709 mundet
688 3652 948 3724 infantem,quam.
1000 3651 1133 3708 ordinem
1156 3652 1295 3709 traditum
1320 3655 1424 3711 devote
1444 3671 1528 3712 mens
1552 3655 1591 3712 sit
1609 3655 1776 3714 accedentis
1792 3655 1829 3715 nd

117 3742 160 3800 vis
170 3744 302 3800 nondum
317 3740 462 3797 valentem
478 3741 563 3796 corde
579 3741 696 3797 eredere
712 3740 904 3812 adjustitiam
917 3746 946 3798 et
1000 3742 1208 3799 eucharistiam
1223 3741 1349 3811 Domini,
1367 3743 1504 3815 quoniam
1535 3744 1668 3801 futurum
1687 3744 1829 3818 estjndi·

117 3849 166 3889 ere
176 3831 308 3889 confiteri
322 3831 357 3887 ed
370 3829 506 3886 salutem.
519 3831 626 3886 Totum
635 3829 690 3886 boc
702 3830 734 3886 fit
747 3846 799 3902 per
812 3831 944 3900 verbnm,
1000 3831 1088 3899 cium,
1107 3835 1139 3886 ut
1153 3831 1403 3903 quemadmodum
1420 3833 1531 3889 accedit
1546 3832 1829 3906 unusquisqucned·

118 3923 154 3978 de
169 3939 227 3995 qno
243 3919 386 3977 Dominus
402 3919 444 3975 ait
460 3937 466 3975 :
483 3919 549 3976 Jam
565 3935 614 3976 vos
625 3919 728 3975 mundi
743 3917 815 3976 estis
829 3925 946 3993 propter
1000 3919 1050 3975 dat
1064 3937 1168 3976 causas
1183 3919 1213 3975 in
1229 3918 1276 3975 die
1287 3920 1404 3977 Domini
1421 3921 1513 3978 nostri
1529 3923 1600 3980 Jesu
1614 3921 1725 3979 Christi
1738 3939 1747 3980 ε
1758 3921 1831 3997 qaia

116 4011 239 4067 verbum
255 4010 334 4083 quod
349 4008 465 4065 loeutus
480 4025 546 4065 sum
560 4009 651 4066 vebis.
999 4008 1062 4064 sine
1091 4007 1246 4080 disciplina
1275 4009 1440 4067 traditionis
1467 4015 1495 4067 et
1523 4009 1755 4068 conversationis
1778 4011 1831 4086 qui

118 4115 348 4171 anxia-ae
360 4115 605 4172 liberorumne
619 4115 945 4173 auctoramentum
999 4097 1151 4166 accedent
1169 4097 1209 4153 rai
1233 4103 1303 4154 sunt
1326 4101 1458 4172 corporis
1481 4105 1510 4156 et
1529 4098 1684 4174 sanguinis
1698 4099 1828 4158 bomin.

153 4187 331 4259 discipulam,
349 4186 453 4241 Christi
470 4189 905 4260 cammenicncmvcrwncorpes
920 4197 946 4244 et
999 4186 1072 4251 Ouid
1089 4190 1134 4241 cst
1149 4189 1247 4241 autem
1262 4203 1327 4243 reos
1343 4205 1419 4258 esse,
1435 4189 1492 4246 nisi
1508 4206 1609 4263 poenas
1638 4190 1832 4248 dammartin

152 4259 316 4330 ‘autumem
327 4273 384 4315 ‘3⁸³0
397 4273 453 4314 ἢθη
467 4257 658 4315 dubitandum·
999 4274 1139 4330 Domini?
1152 4274 1273 4331 Occisus
1300 4281 1345 4332 est
1359 4277 1439 4333 enim
1455 4295 1507 4350 pro
1522 4278 1568 4335 his
1584 4278 1636 4352 qui
1650 4279 1830 4337 beneficium

154 4363 284 4437 Quisque
299 4363 510 4420 catholicorum
526 4369 602 4421 recte
612 4365 705 4422 Deum
717 4370 946 4424 cunctaereasse
998 4364 1063 4435 ejus
1077 4363 1193 4420 irritum
1209 4364 1331 4421 ducunt.
1349 4366 1454 4424 Probet
1468 4372 1567 4425 autem
1582 4384 1614 4425 sc
1629 4367 1731 4439 homo,
1742 4374 1774 4426 et
1787 4368 1829 4426 sic

117 4453 153 4509 de
168 4451 260 4510 nihilo
276 4454 364 4510 corde
378 4451 480 4520 credit,
497 4457 552 4508 etc.
999 4453 1035 4509 de
1049 4470 1124 4525 pane
1134 4454 1212 4523 edat,
1223 4458 1252 4510 ot
1262 4455 1298 4511 de
1308 4454 1412 4527 poculo
1423 4456 1524 4525 bibat;
1539 4457 1590 4529 qui
1605 4456 1685 4513 enim
1699 4459 1828 4515 mandu-

153 4542 339 4617 (Subseqaitar
364 4559 433 4616 pene
456 4545 559 4614 inthcr
581 4544 723 4601 Prncbosii
751 4546 860 4603 libellus
884 4548 944 4619 jam
958 4586 983 4653 D
998 4546 1045 4598 cat
1060 4546 1089 4598 et
1113 4542 1187 4599 bibit
1211 4543 1502 4616 indignc,judicium
1528 4545 1584 4602 sibi
1608 4546 1773 4604 manducat
1801 4551 1831 4605 ct

117 4632 313 4705 oliascditas.)
998 4631 1083 4700 bibit,
1115 4649 1173 4688 non
1211 4631 1381 4690 discernens
1419 4651 1527 4707 corpus
1561 4634 1688 4692 Domini.
1718 4635 1830 4693 Devota

119 4739 186 4795 CM„
203 4739 321 4795 XXXVI,
338 4772 369 4781 -
386 4739 456 4808 Quid
480 4739 561 4811 dmm
584 4742 625 4795 „p
640 4740 752 4812 impone
775 4744 944 4800 ,nmmum
998 4720 1097 4793 itaque
1122 4721 1219 4777 auimo
1235 4725 1263 4777 et
1275 4738 1343 4778 eum
1359 4721 1464 4778 timore
1481 4724 1679 4780 accedendum
1694 4724 1731 4780 ad
1746 4741 1830 4782 com·

153 4813 291 4867 Dominici
316 4814 436 4884 corporis
464 4820 489 4868 ct
523 4814 668 4883 conparans
703 4821 810 4885 praestet
845 4816 944 4871 cocleo-
1000 4808 1168 4865 munionem
1185 4810 1504 4881 decet,utsciatmens
1520 4813 1712 4870 reverentiam
1727 4815 1830 4871 sede·

155 4885 244 4938 ristio.
1001 4899 1067 4954 bere
1083 4899 1108 4954 ei
1124 4899 1160 4954 ad
1176 4901 1262 4970 cujus
1286 4917 1392 4973 corpus
1422 4902 1601 4958 sumendum
1627 4902 1752 4960 accedit.
1768 4903 1831 4964 Hoc

157 4992 308 5045 lustruens
324 4991 428 5045 beatus
443 4990 602 5062 Apostolus
615 4992 780 5048 Corinthios
793 4995 828 5049 de
847 4995 944 5051 Domi-
1000 4988 1078 5043 onim
1096 4990 1173 5062 apud
1189 5007 1220 5044 se
1236 4989 1322 5045 debet
1333 4990 1478 5060 judicare,
1496 4989 1547 5063 qui
1563 4992 1665 5060 sumit,
1683 4990 1758 5065 quia
1771 4991 1831 5049 Do·

123 5078 324 5151 nicicorporis
349 5084 378 5133 et
397 5079 551 5152 sanguinis
581 5083 947 5148 sacramentc,utscirent
1000 5079 1168 5146 minuat-tl,
1186 5079 1272 5149 culus
1304 5079 1443 5151 mysterio
1473 5080 1648 5153 sanguinem
1667 5080 1832 5154 poiabqui

120 5172 263 5239 quantum
279 5167 321 5222 illi
336 5168 502 5223 reverentiae
517 5169 709 5238 deberent,ait
723 5172 799 5226 inter
820 5178 943 5228 cetera:
1000 5167 1083 5222 iestis
1098 5171 1143 5222 esi
1157 5166 1291 5222 bsstlssfissll
1303 5167 1463 5233 Del0u⁰m
1480 5186 1534 5225 1¹0⁸
1549 5169 1573 5223 Si
1589 5186 1657 5226 cum
1670 5169 1834 5244 dlwlpllnt

120 5256 179 5329 Ego
193 5256 269 5311 enim
287 5255 384 5328 accepi
401 5273 418 5311 a
432 5257 565 5327 Domino,
580 5260 658 5331 (pared
673 5264 702 5316 ct
720 5260 825 5315 tradidi
852 5263 943 5330 vobis,
1000 5257 1250 5329 accipiamusmon
1262 5255 1373 5313 erimus
1384 5257 1497 5332 indigni
1511 5259 1833 5334 corporeetsanguins,

88 5348 92 5354 '
120 5346 258 5416 quoniam
274 5345 416 5400 Dominus
430 5345 516 5400 lesus
533 5347 562 5402 in
578 5366 636 5420 qua
657 5355 740 5407 nocte
764 5351 943 5421 tradebatur,
1000 5349 1119 5417 agentes
1143 5347 1253 5418 gratias
1280 5347 1477 5419 Redemptori·
1496 5348 1563 5403 11100
1587 5349 1674 5404 multi
1699 5348 1834 5407 lnvobls

121 5433 406 5504 accepitpanem,et
431 5433 540 5505 gratias
565 5453 656 5508 agens
682 5439 776 5512 fregit,
793 5444 821 5495 et
849 5440 942 5496 dixit:
1000 5433 1120 5489 invalidi
1135 5438 1164 5490 et
1180 5435 1288 5506 egroti,
1305 5440 1334 5490 et
1363 5434 1515 5491 dormiunt
1542 5435 1639 5494 multi.
1666 5437 1704 5494 Ut
1727 5453 1833 5495 vorum

121 5518 179 5575 Hoc
195 5525 239 5574 est
255 5537 361 5592 corpus
377 5537 475 5576 meum
495 5523 573 5594 quod
598 5542 649 5596 pro
675 5526 757 5583 vobis
780 5527 944 5602 frangitur3
1000 5524 1135 5599 probaret
1151 5525 1228 5598 quod
1244 5541 1365 5580 examen
1386 5525 1519 5583 futurum
1548 5533 1593 5586 cst
1618 5527 1831 5604 accipientiam

157 5607 196 5686 (3)
210 5605 282 5664 Vide
296 5608 326 5666 S.
342 5610 416 5686 Aug.
433 5613 517 5667 tract.
533 5611 568 5668 80
583 5611 612 5668 in
628 5612 712 5672 loan.
730 5616 837 5694 Evang.
