3900 6090
536 311 592 394 aa
631 260 732 395 ille
751 332 784 401 s.
806 341 1027 409 saansaan.
1577 360 1635 420 ers

102 487 122 528 e
140 471 244 528 maluit
258 490 308 546 pro
324 480 451 548 tempore
465 475 504 529 irc
518 432 712 544 copulatum,
729 479 760 532 ut
774 477 801 546 Α
816 494 915 535 eorum
931 481 1030 537 orbem
1045 482 1169 539 decretis
1185 483 1368 557 regularibus
1396 488 1485 543 tuisse
1507 489 1636 562 primum

102 560 210 617 iactam
239 562 375 618 doctrina
397 563 548 620 scientiam
561 535 762 638 riitellvaerat,
816 568 950 625 decenter
964 567 1170 627 illustratum?
1185 572 1358 632 bercharius
1385 576 1485 650 itaquo
1507 578 1637 635 famulus

101 649 270 723 apcrhunc
280 652 373 709 etatis
383 670 442 708 sun
452 670 485 710 ac
496 667 609 709 morum
622 643 761 712 imbecil-
815 655 920 712 Christi
931 659 967 713 ud
979 656 1091 715 altioris
1101 659 1167 716 vite
1176 661 1638 734 semperinstitutaconscendere

101 735 323 805 claremontem
335 740 461 797 scientie
477 758 566 815 quam
579 742 690 800 sanetas
705 762 760 817 pu·
814 745 994 817 desiderans,
1006 748 1154 821 pontilicis
1177 749 1223 805 sui
1245 751 1416 808 auctoritate
1429 756 1458 808 et
1471 753 1575 827 gratia,
1591 771 1637 811 ca·

101 825 220 883 rmeroia
233 830 402 899 reportaret.
813 832 865 889 leri
881 850 986 908 gressu
996 836 1033 891 ad
1043 834 1141 893 lecum
1151 837 1232 919 hunc
1247 844 1380 911 prevete
1395 846 1549 915 properat:
1564 859 1637 915 pru·

227 916 379 974 Luteciam
388 921 464 991 petit.
813 922 864 978 lati
894 922 988 979 Patris
1012 923 1067 995 (27)
1090 925 1238 982 alacritate
1266 928 1431 1002 condignus
1459 933 1639 1003 approbatur

101 1020 127 1061 u
148 1020 216 1061 cum
242 1003 317 1061 beati
339 1005 392 1061 viri
405 1007 506 1078 justus
522 1010 691 1068 adolescens
707 1029 760 1085 per
813 1015 921 1067 sancta
949 1013 1161 1069 monachorum
1189 1014 1312 1082 cohorti,
1340 1033 1397 1074 non
1428 1023 1489 1075 tarn
1518 1035 1638 1094 corpere

101 1108 183 1167 mpus
195 1092 361 1166 uragisterio
373 1096 558 1165 lruerctur,ct
568 1099 693 1155 celestis
707 1116 759 1172 pro
813 1116 902 1172 quam
919 1106 1016 1157 mente
1029 1108 1058 1159 et
1072 1108 1139 1158 cetu
1155 1104 1292 1160 sociatur.

101 1178 392 1239 elibassctlrauslum
405 1186 565 1258 sapientia,
582 1190 759 1245 Laracrviense
1078 1193 1128 1247 re
1142 1195 1225 1248 eitun
1241 1195 1368 1250 instituit.

101 1286 147 1327 um
176 1276 294 1343 accepto
323 1271 389 1327 tulit
411 1279 709 1349 expetere,quouinm
726 1279 758 1334 B.
847 1280 874 1332 7.
892 1279 1052 1350 Susceptus
1072 1286 1171 1336 autom
1188 1282 1217 1337 in
1234 1299 1390 1339 conmrunc
1417 1302 1484 1340 cunr
1514 1288 1637 1356 ceteris,

101 1358 259 1416 idistrictis
267 1363 472 1419 commendata
481 1366 639 1438 regulis,ad
651 1383 682 1423 se
698 1384 760 1440 per·
813 1382 1028 1440 aggressusque
1040 1369 1136 1425 denuc
1147 1375 1288 1443 tanquam
1300 1371 1408 1428 athleta
1418 1375 1638 1430 recentissimus

107 1446 356 1522 lamcreligionis
371 1450 440 1507 Erat
450 1453 528 1509 onim
539 1469 573 1510 co
584 1459 713 1528 tempore
728 1456 759 1513 in
814 1455 925 1512 militias
941 1457 1128 1531 gymnasium
1149 1458 1287 1524 emlestis,
1303 1463 1516 1533 preteritorum
1531 1464 1638 1519 imme·

101 1534 224 1595 tiliarum
246 1539 380 1611 partibus
394 1539 450 1598 hoc
464 1544 630 1602 caenobium
645 1562 713 1602 cum
728 1546 759 1602 in
813 1560 877 1601 mor
892 1546 1097 1617 eamaminum,
1115 1552 1143 1604 et
1158 1549 1242 1621 quasi
1258 1549 1310 1622 qui
1324 1550 1466 1608 virtutum
1494 1551 1525 1607 in
1546 1566 1638 1610 scam·-

102 1628 643 1699 crarumpossessionibus‚tumeliam
655 1635 758 1693 divine
813 1639 891 1690 mate
906 1634 1030 1706 pesitus,
1047 1637 1084 1693 ad
1099 1636 1307 1710 perfectionem
1337 1655 1441 1714 pugno
1464 1640 1537 1698 nihil
1553 1640 1638 1714 plena

101 1712 265 1775 insultibus
275 1733 381 1774 nemen
393 1718 542 1793 singulare
552 1721 758 1798 habens,quod
813 1726 880 1778 unte
890 1724 1060 1797 peregisset,
1070 1725 1157 1799 coepit
1167 1743 1271 1783 rursus
1283 1728 1391 1785 divinis
1400 1728 1538 1801 operibus
1553 1729 1637 1802 spiri·

101 1803 212 1863 trictior
235 1804 392 1875 institutio,
409 1813 437 1863 ot
453 1810 584 1868 studium
606 1813 795 1921 sapientiaB
812 1816 876 1867 tum
887 1827 1032 1885 coercere,
1045 1813 1133 1870 veluti
1144 1818 1639 1878 eumcerncrosmonusticredistri.

101 1893 322 1967 hamtur;quem
334 1895 467 1953 videlicet
478 1899 557 1954 miro
568 1901 756 1974 spectationis
813 1897 918 1956 cllonis
931 1905 1002 1959 tunc
1017 1903 1146 1975 primum
1162 1905 1330 1961 rudimenta
1348 1906 1524 1979 suscepisse,
1542 1907 1637 1981 scipso

101 1998 126 2041 m
139 1982 173 2041 B.
189 1982 388 2040 columbanus
405 1986 487 2043 Pater
503 1989 532 2043 in
546 1994 628 2045 vasta
652 1990 758 2065 l'osagi
813 2004 928 2060 semper
941 1988 1076 2062 validior,
1094 1997 1124 2048 et
1151 1992 1245 2065 gratio
1273 2010 1406 2066 superne
1434 1993 1639 2052 illustrationis

101 2072 278 2129 redamantis
302 2078 513 2143 construxerat,
533 2078 659 2134 inventis
683 2082 757 2136 anti·
813 2077 877 2133 vitu
885 2079 1077 2149 precedentis
1086 2079 1227 2152 qualitate
1233 2082 1401 2154 jocundior.
1413 2083 1479 2139 Jum
1490 2099 1557 2140 vere
1572 2083 1639 2158 styli

101 2163 186 2237 »paris
200 2162 331 2218 edificiis
346 2180 413 2219 cum
429 2166 514 2237 aquis
529 2172 632 2223 natura
647 2169 758 2225 iernen-
813 2181 871 2220 non
882 2166 993 2239 patitur
1007 2184 1105 2240 opera,
1122 2175 1233 2241 quanto
1243 2170 1272 2224 in
1288 2169 1349 2226 viro
1360 2170 1410 2227 Dei
1422 2171 1509 2228 luerit
1519 2172 1638 2229 humili·

100 2266 145 2309 cta
159 2251 241 2307 venis
257 2251 332 2307 ultro
349 2252 571 2325 prodeuntibus,
588 2256 637 2312 ubi
653 2258 759 2330 etipse
814 2256 1087 2326 tas,quantavirtus
1098 2257 1397 2331 obedientie‚quautc
1413 2261 1562 2318 modestia
1572 2278 1638 2334 gra-

100 2340 759 2415 uaggregatossdeliumnumerosexcentorum
813 2343 899 2413 vitas,
914 2350 1025 2419 quanta
1038 2345 1177 2414 charitas,
1207 2354 1318 2420 quauta
1337 2348 1513 2423 benignitas,
1529 2356 1640 2424 quanta

100 2428 258 2487 authorum
278 2434 373 2486 rector
387 2432 509 2501 exstitit,
525 2432 671 2509 longeque
686 2440 759 2492 tem·
814 2434 1233 2507 mansuetudo,quantaotiam
1244 2436 1391 2509 patientias
1401 2438 1553 2497 tortitudo.
1569 2441 1641 2497 Obo-

100 2519 297 2576 tmcuastario
308 2518 491 2577 nobilissime
501 2522 627 2595 prefuit,
644 2524 760 2582 multis·
815 2521 930 2579 dicistis
940 2522 997 2579 sibi
1007 2523 1146 2595 injuncte
1154 2524 1488 2598 negotiumitujubcutis
1497 2528 1641 2599 percurrit

100 2604 211 2664 clerum
222 2606 316 2681 signis
328 2608 358 2664 in
368 2609 470 2666 eedem
480 2608 761 2684 lecoclaruit,donec
814 2609 949 2683 imperio,
959 2615 992 2666 ut
1002 2616 1132 2667 mentem
1142 2610 1172 2667 ln
1183 2610 1312 2669 sublima
1325 2612 1467 2686 dirigens,
1476 2631 1529 2670 nee
1544 2613 1640 2672 laudis

100 2694 139 2753 lis
153 2697 254 2770 regina
264 2696 451 2771 impiissima,
463 2715 496 2755 cc
511 2700 589 2773 qued
600 2701 674 2758 duos
685 2703 761 2762 filios
815 2698 952 2755 humanae
980 2699 1154 2772 ecmpeudia
1181 2705 1334 2773 quareret,
1350 2703 1379 2757 ct
1397 2717 1457 2758 suu
1486 2702 1639 2775 premium

106 2800 142 2844 ex
156 2784 321 2845 adulterino
346 2787 516 2845 Theoderici
535 2790 652 2846 nefandi
672 2793 759 2866 regis,
815 2785 1232 2862 glorie,reipareuntispretio
1247 2788 1551 2863 nullocompcnsarel.
1569 2792 1640 2849 Slu-

100 2877 133 2931 et
148 2873 226 2947 regis
236 2874 390 2946 Sigeberti,
405 2877 542 2950 conjugio
553 2879 608 2952 (ce)
624 2897 760 2954 suscepe-
815 2876 903 2932 debat
914 2876 1003 2933 etiam
1017 2875 1142 2933 alierum
1157 2877 1390 2934 consideratione
1405 2878 1536 2951 scipsum
1547 2879 1641 2951 despi-

100 2960 209 3037 lloquio
227 2968 256 3020 et
270 2964 471 3023 bencdictione
482 2966 617 3041 indignos
628 2969 761 3041 judicas·
815 2981 889 3033 cere,
906 2969 1018 3022 etcum
1033 2966 1112 3040 apud
1126 2982 1158 3023 se
1173 2967 1288 3023 cunctis
1298 2966 1483 3039 judicaretur
1510 2967 1638 3036 interior,

103 3050 167 3109 lccc
183 3052 324 3109 instinctu
338 3053 481 3111 diabolice
497 3056 688 3129 proturbavit.
707 3059 761 3126 Qui
815 3053 846 3110 ia
856 3052 1034 3112 humilitatis
1047 3059 1147 3112 tamen
1162 3055 1291 3112 eulmine
1306 3056 1436 3112 certabat
1450 3056 1588 3113 omnibus
1599 3057 1641 3112 in-

102 3158 178 3217 agna
189 3144 437 3200 moerorcetlnctu
447 3145 580 3201 omnium
592 3164 761 3207 recessurus
814 3142 905 3199 veniri
921 3142 1320 3201 sublimior:moestissimum
1335 3144 1485 3201 revolvens
1500 3146 1524 3201 si
1535 3145 1640 3218 quisin

100 3230 286 3288 rsiumvimm
293 3248 374 3305 equo
385 3235 606 3291 sanctissimum
618 3236 760 3312 dignitate
774 3222 796 3290 C
814 3230 864 3287 illo
878 3236 980 3288 sonate
989 3231 1111 3306 collegio
1121 3232 1220 3306 aliqua
1229 3232 1316 3291 sortia
1326 3238 1503 3303 attrectaret,
1513 3252 1576 3307 qus
1589 3233 1637 3291 ille

100 3318 504 3395 vitaillustrissimumquem
516 3323 663 3399 ipsopago
675 3326 760 3383 oriun
815 3323 929 3377 latente
944 3319 995 3376 Dei
1008 3321 1104 3394 mutia
1118 3321 1238 3395 segnius
1251 3322 1408 3395 attigisset.

100 3408 760 3482 mieoapueroinstitucrat‚eidcmnumeroso
815 3410 953 3465 Pincc'rcc
984 3410 1082 3480 itm,
1111 3411 1247 3468 miraculo
1273 3411 1476 3469 cumdem
1503 3412 1639 3471 obediens·

100 3495 206 3572 adagio
235 3502 375 3556 rectorem
405 3499 544 3574 praefecit.
560 3501 630 3560 inda
646 3502 761 3561 ltaliam
850 3499 878 3553 8.
894 3497 1034 3555 Traditur
1050 3499 1197 3573 siquidem
1213 3499 1357 3572 peridem
1372 3504 1499 3574 tempus,
1516 3502 1594 3559 hunc
1609 3502 1640 3558 ln

100 3585 242 3645 liohiense
268 3588 433 3645 omnobium
457 3605 514 3646 non
530 3589 630 3649 minus
645 3593 759 3650 decenti
816 3603 850 3644 ee
862 3584 925 3643 loco
934 3586 1045 3644 iactum
1055 3587 1214 3662 aliquande
1224 3588 1561 3648 ministrumacaliculis
1571 3592 1639 3664 (28),

99 3672 177 3746 sitin
188 3692 246 3748 quo
259 3682 483 3734 consummatus
493 3678 662 3752 virtutibus,
674 3680 760 3740 beato
817 3676 846 3730 ln
860 3690 963 3732 turam
978 3676 1183 3750 llfflmlllufflh
1199 3676 1320 3735 ‘0020‘st
1344 3683 1429 3747 nutu.
1444 3679 1558 3736 Vicibut
1572 3696 1641 3738 ⁸11⁰·

100 3763 344 3823 tenerascere
359 3766 513 3825 Eustasius
528 3766 591 3825 loco
606 3768 700 3826 Patris
716 3787 760 3827 rs·
816 3763 950 3821 cessisse.
966 3763 1099 3838 Cumque
1113 3763 1162 3823 ille
1174 3766 1249 3823 hanc
1263 3766 1411 3824 cilicinam
1425 3783 1580 3840 corporum
1595 3767 1640 3824 di·

99 3852 272 3911 iminimam
283 3855 494 3912 monachorum
504 3856 723 3916 multitudinem
732 3858 762 3916 in
817 3854 1014 3926 accusandam
1029 3855 1183 3927 acciperet,
1196 3855 1304 3928 quippe
1326 3869 1415 3929 quem
1436 3859 1590 3912 strenuum
1602 3857 1639 3912 ad

99 3941 217 3999 srvitute
240 3944 336 3999 verbis
351 3948 380 4000 et
394 3945 534 4018 exemplis
554 3947 762 4033 praemuniens,
817 3941 1398 4015 omniasanctaobedientlalaceral,quc
1408 3943 1638 4001 commissurus-

99 4031 221 4088 tmariti
245 4033 380 4105 magistri
405 4032 496 4090 horas
520 4034 641 4092 exstitit.
657 4037 765 4093 Audita
819 4035 886 4087 rant
900 4030 1061 4104 prudenter
1087 4030 1241 4087 interebat.
1258 4031 1390 4098 Quadam
1417 4047 1485 4089 vero
1506 4031 1554 4089 dia
1567 4031 1638 4089 dum

99 4134 122 4177 a
133 4121 208 4177 tantl
225 4121 364 4189 nominis,
377 4121 431 4177 viri
447 4122 573 4196 religiosi
590 4122 659 4181 illuc
672 4124 764 4183 unde·
817 4119 927 4177 talibus
942 4125 1058 4177 mnatur
1072 4118 1243 4192 implicitus,
1254 4119 1343 4192 Jussu
1367 4120 1460 4192 patris
1482 4125 1528 4178 est
1542 4121 1639 4177 subito

99 4208 231 4280 uduunt,
248 4224 279 4267 se
295 4226 424 4283 suosque
446 4209 553 4268 liberos
567 4212 687 4285 plurimi
702 4230 764 4270 cor·
817 4215 947 4268 vocatus.
963 4210 1047 4267 Forte
1061 4208 1110 4267 illc
1125 4213 1195 4266 tune
1212 4209 1448 4282 promptuarium
1477 4210 1638 4283 ingressus,

100 4299 212 4357 cendos
228 4298 364 4370 offerunt,
383 4298 454 4355 illud
469 4305 535 4357 nato
550 4302 649 4356 omnia
660 4302 766 4360 ducen-
819 4304 886 4356 ante
900 4316 952 4355 vas
963 4302 1125 4370 steterat,et
1140 4299 1243 4355 sudem
1260 4314 1324 4372 quc
1338 4297 1424 4372 vulgo
1439 4297 1611 4355 ducidulum
1624 4314 1641 4354 a

99 4386 220 4455 dmum,
234 4387 260 4443 si
276 4386 320 4443 vel
339 4393 407 4460 post
430 4387 590 4461 longaevam
613 4392 764 4463 probantis
818 4391 887 4459 potu
903 4387 1015 4444 scilicet
1029 4386 1179 4445 educendo
1193 4386 1300 4444 dicitur
1312 4386 1342 4443 in
1358 4403 1448 4443 mauu
1462 4392 1576 4456 teneus,
1591 4402 1640 4442 ce-

99 4474 280 4545 clerantiam,
310 4477 528 4548 quodammodo
557 4477 673 4535 admitti
703 4496 763 4537 mc·
817 4475 925 4534 realem
939 4476 996 4551 (tc)
1009 4475 1156 4550 ampherce
1186 4478 1288 4548 potum
1316 4475 1510 4532 infundebat:
1532 4473 1640 4530 mirum

99 4563 384 4638 »congregationem
410 4564 477 4621 tam
499 4581 565 4622 vcro
592 4566 659 4638 quis
682 4566 764 4625 locus
778 4593 803 4659 D
818 4566 897 4622 dictu
910 4566 917 4621 l
929 4566 965 4622 ad
977 4566 1065 4622 unius
1075 4565 1221 4639 jussionis
1237 4570 1343 4621 nutum
1355 4564 1455 4621 audito
1467 4563 1580 4620 abbatis
1592 4578 1641 4618 ue-

122 4670 180 4711 ccn
204 4655 342 4727 gaudeat,
358 4669 393 4710 ex
422 4653 498 4710 beati
526 4656 580 4711 viri
611 4656 766 4730 disciplina
820 4656 908 4724 mine,
934 4653 1122 4727 relictisque
1143 4654 1269 4711 habebat
1284 4671 1341 4727 prae
1357 4651 1640 4710 manibuscencitus

99 4740 203 4800 habere
219 4743 387 4815 pontificem
403 4742 447 4800 vel
462 4743 683 4813 abbatem,eum
699 4763 766 4803 ceu·
819 4745 960 4815 cucurrit,
973 4743 1084 4800 oblitus
1098 4746 1201 4800 ardore
1224 4743 1394 4801 obedientie
1409 4747 1438 4798 et
1452 4741 1530 4799 vasis
1544 4742 1642 4799 obser

99 4830 268 4904 juavirtutc
283 4832 444 4904 magisterii
461 4850 534 4905 pene
557 4840 651 4890 totum
675 4837 763 4892 Fran·
819 4834 948 4890 vantium
973 4838 1002 4888 et
1029 4831 1175 4906 amphoras
1204 4829 1360 4888 cautelam.
1375 4830 1507 4903 Cumque
1521 4834 1640 4886 vocatus

99 5007 134 5068 dc
146 5008 345 5092 hallucinatur
370 5015 481 5092 auctor,
499 5012 522 5066 ai
540 5011 764 5096 Brunochildem
818 5012 868 5083 qui
885 5012 921 5067 ab
937 5011 1132 5095 annotitivod
1147 5009 1312 5068 ee5100um
1328 5010 1408 5093 rexit

98 5082 765 5228 tlttttutltttlttttitttttttritt
818 5072 1643 5235 u,diibtttttt‘thttttttl{territabat

819 5223 923 5280 calices
938 5239 990 5279 sau
1006 5221 1121 5295 pocilla,
1137 5228 1181 5279 uti
1196 5241 1230 5280 ex
1245 5224 1436 5295 sequentibus
1451 5227 1580 5296 apparet.

98 5292 245 5351 lustasius
261 5294 392 5350 cmnohio
410 5294 581 5351 Luxovicnsi
598 5296 712 5369 preeluit
728 5297 765 5353 ab
853 5293 1134 5367 (celtacensem
1150 5310 1201 5350 seu
1216 5293 1308 5350 citum
1323 5300 1436 5363 vocant,
1453 5311 1486 5351 ce
1529 5294 1586 5350 uod
1608 5310 1642 5348 ex

99 5365 137 5423 ed
148 5366 213 5434 att,
230 5382 288 5440 quo
304 5369 434 5437 temporo
463 5367 600 5423 ilamensi
617 5367 765 5424 cathedra
819 5381 916 5423 cerere
930 5380 982 5421 seu
996 5380 1031 5446 es
1045 5364 1146 5446 grume
1159 5363 1261 5420 hcrdai
1284 5365 1473 5448 potissimum
1497 5311 1640 5445 eiiciatur:

98 5437 248 5506 cunatius,
259 5437 383 5511 cuipest
398 5437 766 5511 Leudegislumdiugilher·
820 5437 851 5495 ld
866 5452 960 5509 genus
986 5433 1120 5491 miraculi
1148 5434 1273 5492 retertur
1296 5453 1326 5493 m
1341 5436 1408 5494 vnn
1422 5438 1452 5494 S.
1469 5435 1642 5517 Columbam

98 5506 232 5565 tudonem
247 5509 391 5564 Nivardus
407 5525 483 5563 anno
498 5508 576 5565 circa
589 5511 643 5564 650
653 5526 766 5566 succes·
820 5524 903 5564 num.
913 5507 966 5573 ae;
983 5512 1014 5561 at
1027 5504 1182 5561 berchario
1196 5506 1290 5587 aptari
1307 5524 1363 5563 nen
1379 5506 1642 5586 potestzsiqmdom

98 5578 319 5653 gobareharius
330 5580 491 5636 Luxovium
505 5581 654 5638 admissus
669 5585 713 5639 ast
728 5581 767 5639 ab
820 5579 930 5636 tactum
937 5576 1047 5634 dicitur
1055 5574 1228 5659 Columbaria
1237 5577 1461 5654 imparic,quem
1470 5577 1643 5635 Bernharrus

101 5649 153 5709 sed
167 5650 291 5710 tortasse
306 5669 323 5708 a
336 5650 484 5709 liutberto
505 5653 570 5725 ejus
586 5669 766 5727 successore,
820 5666 931 5724 suppar
943 5647 1040 5710 videre
1055 5663 1113 5707 non
1127 5652 1231 5722 potuit.
