3900 6090
153 262 192 336 aa
320 234 328 242 ’
421 306 424 317 ·
655 288 826 351 iinaaaai
848 284 1014 350 acuaris
1035 278 1351 353 nuaoaiaauiisis
1812 270 1854 351 'eo

152 407 216 464 vita
231 413 260 466 et
273 409 381 469 Christi
397 415 523 487 servitio,
536 421 661 491 puniens
672 424 759 494 atque
770 422 879 478 dellens
894 420 972 495 cogi·
985 419 1015 489 Α
1028 420 1083 488 tiit,
1101 421 1315 496 bominumque
1330 423 1437 479 suimet
1458 421 1589 478 misereri
1604 419 1673 477 totis
1688 419 1789 479 virbus
1804 438 1853 479 eii·

148 499 213 552 tata
228 513 280 554 seu
296 501 396 558 nociva
408 504 471 575 jam
488 512 605 578 peracta
615 525 711 581 opera,
725 510 893 582 crebrisque
898 510 973 582 jeju·
1027 510 1128 566 oravit.
1145 511 1192 567 Sic
1207 512 1326 569 tandem
1342 511 1485 568 Dominici
1502 511 1632 584 corporis
1648 515 1677 567 et
1699 510 1853 584 sanguinis

153 584 973 668 niisacvigiliistundebntcorpust'atigatummemorans
1026 598 1164 656 viaticum
1180 616 1311 669 sumens,
1330 617 1412 656 roseo
1427 599 1509 654 vultu
1525 603 1553 655 et
1575 600 1680 655 decora
1706 598 1789 659 facie.
1804 615 1853 655 ve·

153 673 223 746 quia
238 678 357 749 nonqui
373 681 500 752 coepcrit,
517 685 566 738 sed
579 684 628 756 qui
642 688 974 759 perseveraveritsalvus
1027 685 1072 742 lut
1095 690 1297 760 praesentanda
1324 689 1386 762 regi
1410 704 1513 760 regum
1537 687 1567 742 in
1592 685 1702 743 coelesti
1725 686 1854 743 thalamo

152 761 216 817 erit.
234 763 265 818 ln
281 765 335 820 bac
350 767 475 839 denique
497 779 599 828 sancta
623 775 713 830 animi
740 778 925 833 meditatione
941 793 974 832 ac
1028 774 1153 849 imperat
1163 777 1276 834 cunctis
1287 794 1444 850 personare
1454 775 1554 832 dulces
1562 781 1591 832 et
1601 775 1786 849 hymnidicos
1797 791 1856 832 me·

152 851 255 905 devota
269 852 336 908 odei
356 857 523 927 operatione
546 861 674 919 moriens
699 866 810 922 mundo
825 870 853 922 et
875 866 974 921 vivens
1028 863 1073 920 los
1088 864 1268 938 psalmodiae,
1286 866 1459 939 dicebatque
1473 865 1550 920 inter
1564 868 1668 921 catera
1686 863 1772 938 quasi
1786 856 1854 937 pross

153 936 279 1008 Chllssfflv
306 945 401 999 tolum
427 949 545 1021 tempus
565 950 630 1007 vitae
654 969 713 1009 sua
730 953 849 1011 duxisse
871 956 973 1022 lertur,
1030 953 1145 1010 minens
1160 972 1194 1010 cx
1209 954 1303 1011 cilicio
1318 958 1347 1011 et
1361 954 1458 1012 cinere
1475 971 1481 1008 :
1496 974 1511 1004 a
1526 955 1637 1010 Adsum
1653 969 1717 1026 ego,
1728 952 1853 1023 Christe,

152 1027 223 1084 adeo
240 1033 272 1084 ut
286 1029 460 1106 plerumque
472 1037 619 1095 videretur
632 1041 747 1098 causari
758 1047 786 1098 et
796 1042 891 1100 dicere
903 1041 974 1100 illud
1029 1046 1081 1098 tua
1096 1043 1215 1112 famula,
1231 1043 1295 1099 veni
1311 1060 1390 1117 rogo,
1405 1060 1454 1099 rex
1478 1041 1620 1115 piissime,
1637 1046 1725 1115 atque
1741 1058 1788 1099 nie
1804 1040 1854 1098 he-

152 1117 356 1190 propbeticum
372 1139 379 1178 t
397 1124 454 1181 llea
470 1127 558 1185 milii!
575 1132 640 1202 qaia
656 1132 788 1189 incolatus
812 1150 887 1189 meai
910 1149 974 1205 pro·
1030 1131 1257 1205 nignesuscipe.
1274 1153 1288 1184 a
1305 1132 1437 1206 Cumque
1453 1131 1483 1188 in
1502 1130 1708 1204 hujuscemodi
1724 1147 1793 1187 voce
1817 1130 1853 1187 ab

154 1206 277 1279 baeatus
299 1219 347 1279 est,
373 1216 428 1269 etc.
454 1215 538 1286 (Psoi.
564 1223 648 1289 cxix).
674 1221 764 1294 Cujus
787 1221 975 1295 longanimcn
1030 1219 1102 1276 hora
1116 1220 1583 1294 noctismcdiausquoadhoram
1597 1218 1855 1292 dieitcrtiamper·

153 1301 344 1370 sanctamque
359 1304 620 1376 peregrinationem
637 1327 764 1382 superna
788 1312 976 1367 considerans
1030 1308 1155 1377 sisteret,
1173 1308 1249 1365 illico
1265 1326 1333 1366 cuin
1349 1310 1493 1366 immenso
1506 1308 1618 1364 lumine
1633 1309 1704 1364 odor
1719 1306 1856 1364 suavissi-

153 1383 977 1463 clemcntia,eiuspctiti0nidesiderantissimaesatisfacere
1031 1415 1098 1454 mus
1113 1398 1272 1454 astantium
1289 1415 1339 1454 ora
1355 1397 1487 1470 perculit,
1499 1398 1540 1453 ita
1553 1400 1584 1452 ut
1598 1395 1644 1452 vix
1659 1399 1778 1469 possent
1789 1395 1856 1452 sub·

153 1474 307 1547 disposuit,
325 1483 358 1533 ut
372 1483 447 1550 qnod
465 1483 606 1541 hactenus
621 1487 731 1544 viderat
753 1505 804 1561 per
823 1489 975 1563 speculum
1031 1485 1133 1542 sistere
1148 1505 1205 1560 prae
1220 1486 1342 1554 lumine,
1356 1487 1423 1543 licet
1437 1490 1535 1544 essent
1556 1484 1678 1559 vigorati
1704 1485 1854 1541 balsameo

153 1566 182 1618 et
195 1563 225 1618 in
241 1564 393 1638 enigmate
405 1569 468 1640 jam
482 1575 553 1628 tunc
575 1573 717 1648 inciperet
731 1576 804 1634 facie
819 1580 854 1634 ad
872 1578 975 1635 taciem
1030 1581 1195 1631 aromatum
1211 1576 1380 1648 spiramine.
1397 1576 1529 1648 Namque
1543 1592 1597 1630 vox
1608 1590 1676 1630 cum
1691 1589 1798 1647 magno
1812 1573 1856 1629 lii·

153 1667 282 1708 Oerssvlss·
1031 1664 1110 1720 mine
1125 1664 1213 1720 etiam
1228 1665 1321 1720 fertur
1335 1663 1531 1730 descendisse,
1548 1681 1612 1736 quai
1628 1664 1700 1719 dum
1717 1662 1855 1720 carnibus

189 1741 232 1796 17.
246 1743 376 1807 Quadam
392 1763 519 1818 namque
535 1750 666 1808 dicdum
683 1755 744 1812 solo
759 1757 902 1813 recubans
913 1773 975 1812 ma·
1030 1756 1169 1810 terrorem
1183 1753 1291 1821 intulit,
1308 1753 1407 1809 minus
1423 1752 1474 1808 ulli
1490 1770 1520 1808 se
1536 1750 1760 1825 cognoscibilem
1786 1768 1856 1824 prar-

152 1845 208 1885 aus
224 1834 357 1887 ostensas
372 1838 482 1891 teneret
497 1837 526 1892 ia
542 1841 680 1909 oratione,
698 1861 839 1917 percussa
853 1850 898 1902 est
913 1864 975 1902 cor·
1030 1840 1103 1909 buit,
1121 1842 1171 1898 sed
1183 1841 1253 1914 quid
1265 1841 1343 1897 aliud
1353 1841 1468 1898 videtur
1476 1841 1599 1909 edicere,
1612 1857 1700 1914 quain
1712 1839 1789 1912 quod
1802 1840 1854 1895 ler-

153 1917 973 2008 porisgravedineaenimioastuiasirmitatisccrporeo:
1030 1934 1079 1985 tur
1094 1930 1228 2002 proloqui
1254 1930 1361 2003 cuique
1384 1934 1491 1986 saneta
1514 1929 1638 1986 anima?
1661 1929 1728 1984 lasit
1750 1928 1853 1984 enim:

153 2007 203 2062 sed
219 2010 362 2066 consolari
372 2014 479 2071 meruit
493 2018 664 2090 angelorum
675 2022 810 2095 praesidio
821 2029 850 2081 ct
865 2029 977 2081 saneto·
1031 2020 1134 2093 Surge,
1151 2036 1283 2093 propera,
1301 2019 1395 2076 amica
1405 2036 1480 2087 mea,
1492 2018 1629 2076 columba
1639 2035 1714 2087 mea,
1727 2018 1855 2074 lormosa

152 2113 218 2152 runi
233 2098 366 2156 emnium
382 2103 531 2179 suffragio,
544 2124 617 2180 quos
630 2109 763 2168 invocare
773 2129 831 2169 non
842 2115 978 2170 cessabat
1031 2125 1097 2163 mea
1111 2112 1140 2163 et
1153 2108 1228 2164 veni.
1244 2106 1345 2164 Amica
1353 2106 1487 2165 videlicet
1502 2125 1553 2181 per
1563 2123 1702 2175 amorem,
1719 2105 1855 2163 columba

152 2185 240 2242 etiam
258 2186 288 2243 ia
305 2194 411 2263 egroto
427 2195 557 2266 eorporis
568 2199 725 2271 ergastule.
740 2201 848 2258 Verum
858 2203 977 2259 astanti·
1032 2213 1083 2270 per
1097 2195 1325 2269 simplicitatem,
1343 2198 1471 2254 formosa
1486 2214 1538 2270 per
1552 2212 1668 2252 morum
1692 2194 1854 2268 pulchritu-

152 2274 208 2332 bus
218 2274 447 2354 circumquaque
457 2283 823 2358 utriusquesexusChristo
835 2291 977 2348 lamulan·
1030 2285 1139 2354 dinem,
1156 2289 1211 2342 etc·

152 2364 242 2434 tibus,
260 2367 311 2439 qui
322 2369 357 2424 ad
374 2369 527 2429 decessum
538 2378 624 2431 tantas
641 2378 743 2434 matris
754 2384 842 2452 atquc
854 2380 976 2455 virginis
1066 2377 1093 2431 3.
1110 2375 1161 2431 llis
1182 2379 1212 2431 et
1235 2374 1301 2432 aliis
1326 2375 1531 2448 hujaseemodi
1555 2381 1657 2432 sancta
1677 2379 1764 2448 atqiie
1790 2373 1855 2430 lelix

152 2471 311 2513 convenere
321 2475 355 2514 ea
365 2459 467 2516 vicinis
478 2467 506 2518 et
519 2462 688 2538 longinquis
699 2468 876 2541 regionibus,
894 2470 977 2527 dolor
1032 2463 1131 2520 anima
1144 2463 1296 2520 dulcorata
1306 2464 1500 2521 solaminibus
1510 2481 1561 2520 viii
1573 2463 1717 2520 Kalendas
1728 2464 1857 2535 Septem-

152 2546 265 2618 iagcns,
282 2564 390 2605 moeror
403 2554 431 2606 et
447 2550 594 2626 singultus
604 2560 665 2611 erat
676 2557 824 2626 omnibus,
836 2561 975 2632 quoniam
1031 2553 1093 2610 bris
1107 2553 1144 2624 (3)
1160 2551 1302 2623 migrasse
1317 2552 1445 2607 creditur
1460 2553 1495 2606 ad
1512 2551 1679 2617 Dominum,
1694 2551 1744 2622 qui
1758 2556 1802 2607 est
1813 2566 1856 2606 so-

151 2632 975 2713 vidcbaatselrustarinimiosolatio,licetessentridentes
1031 2640 1077 2696 ¹11³
1093 2640 1155 2696 Sine
1171 2637 1312 2710 llliss⁰lll5⁰
1337 2655 1462 2711 regnans
1486 2637 1515 2691 5¹¹
1537 2637 1648 2692 unllam
1674 2644 1703 2692 Ol
1725 2636 1854 2693 “iniiam

153 2725 229 2795 qued
242 2725 307 2797 ejus
317 2743 434 2801 semper
443 2729 472 2786 in
484 2732 757 2793 coelisdevotissimo
768 2743 920 2796 tuerentur
929 2757 976 2812 pa·
1031 2728 1157 2803 perfecta
1172 2726 1250 2783 Deus
1263 2742 1342 2781 ”⁰¹¹⁰
1357 2730 1385 2780 0l
1399 2741 1515 2797 semper
1529 2730 1557 2780 θῑ
1572 2722 1608 2779 Ῑῐῗ
1618 2725 1717 2780 Omnia
1732 2724 1852 2781 smum·

151 2811 976 2898 trociaio.lnterhaeoconversaadeosquiassidebantsibi
1031 2832 1096 2872 rum
1112 2814 1227 2872 saefflllss·
1246 2813 1303 2887 ¹9⁵5
1318 2813 1420 2887 gloria,
1437 2813 1502 2869 laus
1517 2811 1702 2884 ellubillfflffi
1720 2813 1813 2869 h01¹⁰s
1827 2819 1856 2868 θῖ

153 2900 348 2974 presbyteros,
356 2906 504 2965 unctionis
515 2909 888 2972 cleumctcommunicnem
895 2932 976 2988 cape·
1030 2904 1188 2979 imperium
1204 2922 1256 2978 per
1269 2904 1368 2960 omni&
1384 2903 1492 2960 saessulss
1507 2900 1692 2958 flaeculffl'um·
1709 2904 1810 2958 Amen·

186 3073 227 3142 (3)
240 3076 322 3131 ΑΠΠΟ
339 3077 454 3136 mile?
473 3079 536 3149 ⁶9⁰·
554 3082 700 3176 Siqudem
724 3085 916 3178 {lunegulffdis
940 3086 976 3142 ‘¹⁰
1032 3112 1110 3170 etiae
1125 3115 1153 3168 et
1167 3111 1315 3168 Gallicano
1329 3127 1380 3166 vin
1390 3109 1512 3166 Kalend.
1525 3107 1809 3181 Septemb.,tametsi
1820 3108 1856 3163 ob

153 3169 236 3210 ΜΟ
252 3154 330 3212 s⁰¹¹l⁰
342 3157 437 3214 levata
451 3165 523 3217 est&
538 3163 570 3218 Β·
582 3162 674 3236 ΕῙΙΕῙΟ
685 3181 735 3237 qui
746 3182 822 3221 ΜΗΘ
837 3166 976 3222 ⁰¹l⁰a6l30
991 3154 1013 3222 C
1032 3185 1139 3241 festum
1155 3184 1184 3239 S.
1202 3181 1339 3239 Luilovici
1354 3183 1418 3253 ejus
1433 3181 1562 3236 olllcium
1585 3197 1602 3234 a
1626 3178 1775 3235 canonicis
1799 3181 1855 3233 Aii-

154 3234 189 3288 ad
205 3250 327 3307 superos
342 3238 486 3312 migravit.
499 3242 918 3318 Memoraturlluaegundisia
930 3248 978 3303 ad·
1052 3260 1124 3313 ustae
1140 3254 1411 3310 Veromanduoram
1427 3252 1456 3307 in
1473 3251 1551 3306 diem
1574 3256 1744 3322 sequentem
1761 3255 1856 3305 trans-

153 3311 314 3372 ditionibus
325 3317 360 3372 ad
374 3317 541 3376 Usuardum
553 3326 582 3378 et
591 3323 621 3379 iii
632 3323 848 3398 martyrologiis
859 3326 978 3384 Benedi·
1032 3273 1134 3384 icatur.

531 3558 977 3689 Brennum
1020 3557 1466 3689 Anneius

191 3787 264 3901 llll
296 3785 731 3905 maisilinae
766 3792 1049 3910 terronis
1082 3793 1130 3909 S.
1167 3789 1535 3906 HUNEGUNDIS
1567 3787 1822 3902 lllllGlltlS

779 3994 890 4067 APUD
917 3993 1227 4068 VIROMANDUOS

551 4143 645 4216 (apua
663 4143 772 4200 narni.
788 4146 860 4200 aaa
874 4145 925 4201 ss.
942 4144 1005 4200 ora.
1022 4144 1052 4200 s.
1070 4143 1189 4211 aenea,
1206 4142 1277 4199 Sao.
1294 4141 1328 4210 v,
1345 4159 1373 4215 p.
1389 4142 1464 4213 213.)

643 4413 1104 4502 OBSERVATIONES
1134 4413 1371 4501 PRAEVIAE

189 4587 334 4645 isaacus
341 4589 693 4664 Hunegundisvirginisct
699 4591 931 4648 sanctimonialis
941 4590 1274 4647 HumolaricnsieVitam
1280 4588 1502 4647 exhibuimnsin
1514 4585 1853 4659 Saeculouboncdictino,

151 4676 215 4717 eam
240 4677 276 4717 ue
290 4661 414 4719 Beraero
430 4661 527 4719 abbati
545 4662 655 4718 auctori
671 4663 841 4720 tribuimus.
859 4663 888 4719 ld
904 4681 971 4719 vero
986 4667 1101 4719 constat
1114 4679 1148 4717 eii
1163 4661 1296 4733 subJeeta
1307 4660 1507 4716 translationis
1517 4659 1649 4725 historia,
1667 4675 1755 4730 qaam
1767 4659 1856 4712 unius

152 4677 343 4858 gjusllcmque
358 4732 509 4816 scriptoris
524 4733 616 4789 letum
631 4750 696 4790 esse
711 4735 913 4790 demonstrant
928 4734 989 4790 hac
999 4736 1086 4790 verba
1096 4750 1177 4789 aum.
1189 4734 1224 4788 9:
1239 4755 1252 4783 «
1264 4733 1315 4788 His
1327 4730 1488 4804 praemissis
1498 4731 1533 4786 dc
1544 4730 1640 4785 vitaet
1650 4731 1763 4785 actibus
1773 4745 1855 4810 'sapa

173 4803 235 4859 ictae
269 4804 382 4861 loriosa
397 4805 529 4879 virginis,
547 4809 643 4860 ratum
657 4805 795 4861 duximus
831 4822 905 4861 auca
918 4805 1129 4861 subscribendo
1144 4803 1268 4860 describi
1285 4802 1494 4859 miraculorum
1508 4800 1646 4874 insignia.
1663 4823 1676 4849 a
1692 4804 1778 4872 Atqui
1792 4801 1856 4880 licr-

152 4821 477 4933 neruslranslationcm
492 4874 598 4932 litteris
613 4876 772 4943 mandavit,
789 4876 796 4930 i
820 4894 876 4948 quc
892 4881 1072 4932 contestatur
1085 4878 1255 4949 Anonymus
1271 4874 1300 4930 in
1316 4873 1505 4946 subsequeati
1521 4872 1619 4954 libello
1635 4873 1674 4952 lie
1689 4875 1855 4953 ⁴inritatione

152 4962 202 5003 cor
223 4948 282 5004 oris
297 4949 326 5004 S.
343 4947 536 5023 Huaegundis
552 4964 558 5002 :
577 4969 591 4997 «
607 4947 697 5020 Cujus
711 4947 897 5014 inventionis,
914 4949 1102 5019 iaquitnum.
1118 4951 1146 5015 2,
1163 4962 1276 5003 neonon
1291 4950 1320 5002 et
1344 4945 1545 5002 translationis
1560 4944 1795 5066 descriptionem,
1813 4959 1854 4995 si·

152 4963 274 5089 mulque
288 5021 498 5076 miraculorum
513 5018 650 5093 insignia,
666 5019 739 5075 inibi
754 5019 894 5074 divinitus
917 5020 1072 5079 declarata.
1087 5018 1251 5074 volentibus
1273 5034 1441 5100 agnoscere,
1461 5015 1539 5073 claro
1555 5015 1628 5094 stylo
1663 5012 1856 5094 ociilenthuc

152 5104 285 5145 sermone
301 5092 415 5147 studuit
428 5092 599 5148 elucubrare
612 5092 666 5164 pia
681 5091 828 5146 memoria
843 5092 969 5146 domnus
982 5090 1071 5146 abbas
1088 5092 1240 5156 iteramus,
1252 5106 1303 5162 qui
1319 5089 1376 5144 lieo
1391 5089 1573 5160 disponente,
1586 5101 1699 5164 primus
1714 5090 1857 5140 successit

152 5159 264 5229 locello,
281 5181 295 5210 a
312 5165 367 5216 eto.
385 5163 419 5216 Et
431 5179 501 5218 sane
515 5162 592 5217 idem
609 5163 763 5234 utrobique
778 5161 871 5234 stylus
887 5179 920 5217 ac
935 5162 1049 5235 genius,
1067 5161 1123 5216 nisi
1139 5161 1217 5243 quod
1232 5160 1262 5215 iii
1277 5154 1680 5222 translationeacmiracalis,
1698 5171 1762 5225 qua
1773 5157 1856 5237 testis

153 5233 266 5289 auritus
280 5237 332 5287 aut
347 5232 480 5288 oculatus
495 5234 622 5306 scripsit,
635 5234 740 5289 certior
750 5238 795 5289 est
805 5234 870 5304 ejus
879 5233 1037 5288 auctoritas
1048 5250 1136 5305 quam
1147 5250 1177 5287 in
1187 5232 1254 5287 Vita
1264 5249 1328 5358 quae
1339 5229 1475 5287 trecentis
1485 5228 1521 5283 ab
1530 5225 1712 5307 Hunegunile
1723 5243 1808 5308 nanis
1818 5228 1855 5309 nli

152 5320 186 5360 eo
201 5302 310 5376 scripta
326 5308 380 5359 est.
396 5305 559 5375 Antequam
576 5305 704 5377 plurade
720 5305 822 5360 eodem
839 5304 962 5361 Beraero
978 5305 1153 5373 scribamus,
1170 5321 1269 5360 noanu
1283 5303 1311 5358 la
1325 5303 1360 5358 dc
1376 5302 1460 5357 Berta
1481 5297 1711 5353 Humolariensis
1725 5302 1856 5353 antistita

152 5375 254 5448 primae
270 5374 471 5431 translationis
486 5380 602 5431 auctam
616 5375 794 5448 praelibanda
808 5380 887 5431 sunt.
1779 5439 1784 5448 ,

187 5450 215 5501 2.
233 5446 299 5502 Fuit
311 5446 372 5502 hmo
388 5450 454 5521 post
468 5446 565 5501 mariti
592 5448 704 5502 obitum
729 5447 827 5504 Remis
842 5469 856 5498 a
874 5449 929 5503 sub
955 5445 1129 5502 beatissima
1154 5446 1204 5503 Dei
1229 5443 1383 5503 Genitricis
1405 5439 1506 5523 tutela,
1532 5444 1667 5512 suscepto
1683 5440 1824 5520 velamine
1840 5461 1853 5489 a

152 5516 276 5574 Domino
292 5523 469 5576 consecrata.
486 5517 518 5573 ld
534 5517 563 5572 in
579 5518 608 5573 S.
622 5518 695 5573 Petri
707 5519 888 5590 parthenone
898 5518 1008 5574 lactum
1019 5519 1120 5574 scribit
1132 5517 1274 5575 recentior
1285 5513 1516 5570 llumolariensis
1527 5512 1699 5577 monachus,
1717 5527 1766 5583 qui
1779 5526 1855 5565 anno

155 5590 222 5646 isai
240 5590 270 5647 S.
287 5588 584 5664 Hunegundisllitam
598 5587 708 5646 Gallico
720 5590 858 5647 idiomate
874 5589 1068 5646 concinnavit.
1086 5590 1156 5646 lade
1170 5590 1304 5646 eductam
1315 5587 1413 5644 lerunt
1424 5584 1462 5641 ad
1477 5581 1744 5640 Humolarieasiiim
1754 5597 1855 5637 mona·
