3900 6090
125 208 183 269 tet

817 218 922 279 turn.
941 250 979 262 ·-
993 217 1069 281 LlB.
1094 221 1131 283 ll.

1770 231 1829 303 tte

122 343 351 412 xxrr,17);ideo
376 361 566 420 quoscunque
591 352 712 421 poterat,
735 367 752 406 a
776 350 874 406 saculi
899 367 947 405 ne·
962 349 991 417 Α
1007 368 1079 409 cere.
1097 355 1238 421 Quocirca
1264 359 1437 419 discretione
1463 381 1544 433 usus,
1571 364 1646 423 inter
1670 372 1828 443 utrumque

111 434 219 507 aquilia
247 434 398 490 suadendo
427 436 646 493 subtrahebat:
671 442 698 494 et
727 440 803 495 sicut
832 439 948 495 coeleste

123 539 176 594 per
200 521 377 577 desiderium
407 523 476 579 totis
502 525 564 596 ipse
588 525 700 582 viribus
724 529 759 582 ad
786 543 946 599 supernum

122 628 247 684 regnum
263 610 429 679 anhelabat,
447 612 489 669 ita
510 629 609 669 secum
639 631 757 687 pergere
781 631 884 671 onrnes
898 616 947 671 ho·

122 701 230 767 mines,
256 699 279 754 si
305 699 366 754 lieri
392 707 500 772 posset,
518 704 681 776 exoptabat.
700 705 755 760 Sed
780 704 946 760 nullatenus

121 795 167 845 ost
183 790 335 845 fraudatus
354 807 371 844 a
393 790 641 863 desideriaque]
669 794 696 846 in
721 811 751 847 su
775 797 947 864 conceperat

120 896 189 934 veru
205 878 329 934 dilectio.
343 878 393 935 llle
413 881 491 935 euim
512 882 560 951 qui
583 881 710 936 charitas
726 887 779 948 est,
797 881 847 953 qul
864 899 895 936 se
910 882 945 936 li-

120 969 266 1022 mentium
286 969 413 1040 complet
427 968 615 1035 roluntatem,
633 969 684 1024 riri
710 971 761 1025 Dei
787 972 943 1026 terrentem

121 1057 258 1112 allectum
275 1056 409 1129 perduxit
423 1058 458 1112 ad
476 1057 621 1114 ellectum.
634 1058 675 1112 dd
687 1060 752 1130 ejus
763 1059 869 1132 quippe
886 1076 946 1115 mo·

120 1146 184 1201 nita
200 1144 363 1218 multique
379 1147 568 1217 possederant
593 1145 941 1219 relinquentes-regulari

120 1252 152 1291 se
163 1234 323 1306 discipliuae
336 1234 572 1304 subdiderunt,et
583 1235 659 1290 beati
669 1237 815 1292 Benedicti
824 1253 944 1309 sequen·

1004 443 1123 499 incessit
1138 447 1265 514 aredius,
1282 454 1314 503 ut
1329 467 1381 506 nco
1391 453 1542 522 jactantie
1558 456 1641 527 argui
1658 456 1751 526 possit
1764 474 1827 529 pre·

1002 532 1086 588 tiosis
1102 534 1137 588 de
1155 537 1296 604 vestibus,
1314 553 1366 593 nec
1385 539 1531 598 simulatae
1552 543 1718 599 sanctitatis
1733 544 1769 599 ds
1783 546 1828 601 ni-

1001 621 1094 676 mium
1111 623 1233 694 abjectis
1247 630 1275 679 et
1285 625 1403 683 vilibus.
1417 629 1541 685 Disertis
1552 632 1748 703 quoqueviris
1759 645 1828 705 quo·

1001 709 1055 764 ties
1066 710 1256 783 jungebatur,
1269 718 1297 768 et
1321 716 1356 769 de
1376 716 1536 788 seripturis
1550 718 1625 786 (fieri
1651 723 1684 774 ut
1708 720 1826 790 assolet)

1001 797 1110 870 aliquid
1129 803 1356 871 proponebatur,
1368 803 1492 859 libenter
1506 807 1654 874 audiebat,
1667 807 1826 879 prudenter

1000 890 1028 940 et
1042 889 1204 943 verecundo
1221 892 1422 961 respondebat,
1440 892 1563 948 libenter
1583 911 1615 950 ac
1639 893 1827 952 laudabiliter

1000 975 1189 1046 suscipiebat.
1203 978 1368 1034 Pravavero
1382 981 1404 1035 si
1424 998 1487 1051 quar
1506 982 1754 1053 proponebantur,
1766 1000 1825 1041 non

1000 1064 1112 1131 acriter,
1131 1066 1181 1119 sed
1198 1065 1324 1137 ingenuo
1340 1068 1450 1138 pudore
1466 1070 1682 1136 confutabatur,
1695 1087 1753 1125 non
1768 1071 1827 1126 eal·
1861 1090 1865 1097 ’

998 1150 1059 1207 lida
1074 1155 1327 1225 argumentatione
1349 1156 1548 1228 disputantem
1571 1162 1672 1212 contra
1687 1175 1718 1214 se
1733 1177 1824 1232 snpe-

999 1241 1099 1307 rando,
1122 1241 1171 1297 sed
1197 1258 1248 1314 per
1271 1243 1481 1299 venerabilium
1507 1245 1659 1300 doctorum
1690 1246 1822 1319 exempla

120 1328 166 1380 tes
180 1324 312 1397 vestigia,
326 1324 498 1396 semetipsos
513 1325 703 1398 abnegantes,
719 1344 785 1382 reru
800 1327 859 1399 regi
876 1326 943 1382 totis
998 1326 1123 1400 benigne
1138 1328 1278 1384 docendo.
1296 1330 1378 1385 Tunc
1394 1330 1472 1386 dicta
1486 1331 1713 1388 orthodoxorum
1728 1332 1823 1389 trahe·

118 1413 231 1469 viribus
247 1411 456 1469 militaverunt.
469 1413 603 1469 Partibus
619 1431 745 1486 natuque
764 1432 798 1471 ex
822 1414 943 1471 dirersis
997 1414 1048 1470 bat
1064 1417 1099 1470 ad
1116 1416 1247 1471 medium
1263 1433 1330 1472 cum
1342 1418 1517 1491 evangelicis
1528 1424 1556 1474 et
1567 1418 1734 1492 apostolicis
1750 1420 1824 1476 toni·

120 1503 157 1558 ad
174 1504 238 1573 ejus
254 1501 419 1557 coenobium
440 1501 598 1558 multitudo
614 1505 753 1559 conduxit
775 1503 943 1560 innumera·
997 1503 1454 1577 tribus,atqueinhunomodum
1466 1507 1824 1565 eteruditissimusdecla·

120 1590 189 1647 bilis
202 1609 208 1646 :
220 1592 270 1647 sed
287 1591 455 1646 nationibus
469 1590 536 1647 licet
546 1592 664 1661 diuersi,
676 1599 773 1649 mente
789 1598 887 1651 tamon
904 1593 944 1650 ita
998 1592 1127 1659 robatur,
1139 1597 1168 1649 et
1182 1593 1355 1651 eruditionis
1363 1595 1536 1666 jactantiam
1549 1597 1648 1670 lugere
1658 1595 1821 1652 ridebatur.

119 1685 205 1736 crant
220 1679 304 1746 uniti,
317 1685 349 1735 ut
367 1679 439 1735 illud
463 1681 498 1735 ad
514 1680 641 1736 litteram
668 1682 696 1736 in
722 1683 764 1737 eis
789 1683 942 1755 impletum
959 1714 982 1779 B
1034 1680 1078 1737 lli.
1096 1680 1218 1737 Secessai
1240 1689 1267 1737 ct
1288 1683 1418 1755 locrprnis
1441 1683 1558 1739 abditus.
1570 1715 1604 1724 —
1619 1684 1649 1739 ln
1664 1685 1823 1741 diversorio

118 1769 276 1837 videretur,
288 1770 365 1840 quod
378 1768 508 1824 deinitio
522 1771 669 1826 nascentis
680 1770 814 1827 Ecclesia
829 1772 859 1827 in
874 1789 943 1845 apo·
999 1775 1032 1826 ut
1056 1771 1168 1836 itinere,
1193 1787 1245 1842 per
1270 1772 1402 1844 singulos
1431 1773 1505 1838 dies,
1529 1772 1708 1845 ubicumque
1737 1776 1823 1840 esset,

119 1857 263 1914 stolorum
278 1858 398 1913 Actibus
420 1855 550 1930 legitur:
568 1859 633 1915 Erat
657 1859 715 1914 illis
737 1876 784 1915 ror
808 1877 895 1916 uriam
919 1869 945 1917 ct

119 1947 215 2000 aalma
238 1944 376 2013 artosdct.
393 1962 429 2011 rr,
445 1947 501 2013 32).
529 1946 694 2003 Latebatur
719 1953 819 2020 pastor
842 1949 871 2003 in
897 1949 942 2005 sui

118 2034 217 2107 gregis
230 2038 397 2105 augmento,
410 2035 563 2106 magisque
577 2035 735 2106 gaudebat,
747 2037 824 2108 quod
840 2053 942 2093 omnes

118 2123 272 2182 instabant
290 2122 370 2194 operi
391 2122 551 2195 proposito.
568 2122 675 2179 Verum
691 2124 762 2197 quia
776 2142 864 2198 super
878 2141 941 2200 gre·

119 2228 186 2286 gem
202 2209 258 2267 sibi
277 2209 468 2266 commissum
485 2211 584 2267 solerti
599 2211 729 2285 vigilavit
748 2229 827 2281 cura,
845 2214 943 2270 divina

119 2299 282 2373 promeruit
296 2297 390 2371 gratia
402 2299 437 2354 de
452 2297 549 2355 fructu
560 2299 693 2356 laborum
705 2317 826 2356 suorum
842 2303 872 2357 in
887 2301 942 2358 hac

118 2389 247 2462 gaudere
263 2387 414 2444 vitabam
431 2387 573 2461 regularis
588 2388 652 2444 vitre
667 2388 942 2463 disciplinamque

114 2479 180 2551 jam
207 2494 281 2549 peno
309 2475 456 2532 deciderat
484 2493 536 2550 per
563 2481 694 2534 veterum
723 2477 941 2551 negligentiam,

120 2571 207 2641 prout
222 2567 253 2621 B.
271 2565 443 2622 Benedictus
463 2583 526 2621 eam
543 2567 718 2639 composuit,
735 2566 763 2622 in
785 2566 942 2640 pristinum

119 2660 232 2713 statum
246 2654 418 2728 corrigendo
434 2654 571 2723 restituit,
583 2672 617 2711 ac
632 2672 683 2728 per
694 2655 824 2712 diversas
840 2656 943 2712 mundi

119 2747 230 2818 portes,
243 2742 377 2815 perplura
393 2744 569 2799 monasteria
583 2760 600 2799 a
616 2743 742 2816 regulari
762 2744 879 2801 tramite
893 2747 942 2801 de·

120 2833 177 2902 ria,
194 2836 254 2888 tam
270 2849 322 2905 per
336 2848 377 2898 se,
395 2848 483 2904 quam
499 2849 550 2903 per
566 2849 635 2888 suos
646 2849 720 2905 quos
734 2833 855 2890 abbates
870 2833 943 2890 ordi·

120 2925 249 2991 navarat,
267 2921 428 2976 monastico
446 2920 540 2976 ordini
551 2922 589 2992 (3)
606 2922 748 2978 subdidit,
765 2922 795 2978 ln
810 2922 865 2979 hoc
878 2939 943 2980 vero

999 1864 1144 1915 secretum
1160 1860 1216 1914 sibi
1233 1859 1392 1915 adhibebat
1415 1859 1512 1916 locum
1529 1862 1662 1916 maeroris
1684 1863 1823 1927 amicum,

999 1951 1032 2003 ut
1055 1951 1185 2003 remotus
1209 1948 1244 2002 ab
1268 1946 1440 2003 hominibus
1468 1948 1527 2003 Deo
1550 1950 1733 2021 jungeretur
1756 1966 1824 2020 pro·

997 2037 1082 2109 pius;
1112 2036 1163 2091 sed
1192 2035 1288 2091 dicere
1318 2052 1376 2091 non
1407 2053 1577 2108 possumus,
1607 2037 1727 2108 quantis
1754 2041 1824 2092 tuno

997 2124 1168 2197 gemitibus,
1185 2123 1304 2195 quantis
1328 2124 1513 2181 afficiebatur
1536 2123 1666 2181 lletibus.
1693 2123 1825 2180 Plerum-

998 2229 1053 2286 que
1068 2216 1146 2270 terra
1160 2217 1228 2268 ante
1248 2212 1348 2268 oculos
1369 2213 1410 2268 ita
1430 2211 1568 2291 lacrymis
1588 2213 1741 2269 videbatur
1758 2211 1824 2268 irri—

997 2305 1076 2375 gata,
1092 2318 1126 2356 ae
1141 2302 1166 2357 si
1183 2302 1255 2356 loret
1270 2301 1349 2356 undu
1372 2302 1502 2372 perfusa.
1523 2302 1551 2356 Si
1570 2319 1633 2374 qua
1658 2300 1732 2358 levia
1755 2317 1823 2356 con-

997 2391 1152 2463 tingerent,
1169 2405 1232 2462 quau
1248 2406 1300 2461 pro
1322 2389 1453 2445 humana
1475 2390 1633 2462 fragilitate
1649 2387 1744 2445 selant
1759 2405 1823 2445 evo·

997 2478 1060 2534 nire
1083 2479 1111 2533 in
1128 2477 1314 2550 cogitatione,
1328 2476 1378 2533 tali
1399 2477 1460 2533 haec
1482 2478 1584 2534 eadem
1604 2477 1737 2550 plorabat
1752 2493 1823 2534 mm·

998 2584 1073 2633 rore,
1097 2572 1130 2623 ut
1153 2567 1395 2639 gravissimorum
1419 2567 1578 2622 criminum
1603 2585 1670 2623 cum
1695 2567 1826 2624 crederet

998 2673 1091 2712 reum.
1110 2656 1196 2711 Porro
1213 2655 1283 2726 quia
1294 2657 1394 2726 justus
1410 2656 1438 2710 iu
1455 2655 1598 2728 principio
1613 2660 1766 2712 accusator
1779 2660 1825 2711 ost

999 2746 1055 2813 sui,
1074 2745 1135 2817 ipse
1148 2745 1257 2817 sepius
1273 2760 1303 2800 se
1319 2744 1486 2812 accusabat,
1501 2761 1533 2800 se
1547 2760 1630 2799 reum
1645 2761 1710 2800 esee
1720 2743 1826 2799 olama-

999 2835 1058 2900 but,
1077 2832 1149 2890 illud
1165 2834 1241 2889 beati
1257 2833 1312 2889 Job
1335 2834 1477 2904 trequenti
1497 2832 1640 2888 memoria
1655 2830 1800 2904 replicans
1816 2848 1823 2885 :

998 2923 1092 2980 Nonne
1107 2923 1242 2994 manescit
1260 2924 1330 2978 Deus
1356 2925 1413 2977 rias
1437 2937 1523 2987 awos,
1538 2929 1565 2977 et
1587 2929 1696 2977 cunctos
1718 2934 1826 2993 erasm

119 3012 253 3085 gaudeus
266 3009 470 3083 gratulabatur
488 3009 556 3079 Deo,
573 3010 650 3081 quod
675 3025 775 3066 eorum
791 3028 866 3084 quos
891 3028 945 3068 sua
998 3027 1072 3068 awos
1093 3011 1267 3066 ‹linamcratt
1293 3010 1350 3084 (tob
1366 3027 1442 3077 anxa,
1459 3010 1497 3081 l.)
1513 3010 1543 3066 ln
1573 3009 1677 3065 itinere
1701 3008 1826 3082 positus,

120 3101 176 3155 sub
192 3116 263 3155 curu
274 3099 456 3165 educaverat,
469 3099 505 3153 ad
522 3084 719 3155 monasticum
730 3100 890 3172 regendum
901 3116 944 3155 or·
959 3076 980 3143 C
1000 3100 1107 3173 saepius
1123 3100 1177 3154 iter
1187 3099 1325 3170 carpebat
1335 3099 1371 3154 ab
1383 3098 1449 3154 aliis
1464 3096 1742 3166 semotus.0rationi
1754 3096 1826 3154 dum

120 3187 221 3243 dinem
236 3187 296 3243 lore
312 3186 420 3244 maltos
437 3187 556 3243 idoneos
573 3187 698 3243 ridebat.

156 3276 217 3331 Vll.
232 3277 397 3332 discretione
416 3279 505 3332 utitur
529 3279 560 3331 in
581 3276 649 3332 cito.
661 3309 695 3317 —
711 3277 740 3333 Si
766 3277 894 3350 quidem,
913 3283 945 3335 ut

120 3364 352 3421 discretissimus
380 3369 471 3437 pater,
496 3365 635 3422 omnibus
663 3383 727 3437 quaa
751 3368 856 3440 agebat
882 3367 944 3424 dis-

120 3453 278 3509 cretionem
308 3453 494 3524 praelerebat,
525 3457 553 3509 et
582 3453 633 3509 tali
661 3454 836 3512 discretione
865 3472 943 3512 com·

120 3542 221 3597 munis
241 3540 307 3596 vita
335 3541 473 3597 utebatur
501 3543 623 3609 ratione,
646 3547 679 3598 ut
706 3547 735 3598 ct
761 3544 943 3601 abstinentiae

120 3649 211 3704 supra
225 3634 343 3686 caeteros
365 3631 504 3697 studeret,
521 3636 598 3686 etex
620 3632 722 3686 eadem
738 3636 837 3689 tamen
853 3633 943 3688 absti-

120 3720 222 3776 nentia
235 3737 267 3775 se
282 3719 421 3775 laudandi
437 3718 589 3774 materiam
605 3719 715 3775 nemini
730 3720 881 3792 praeberet.
894 3722 945 3777 lte-

119 3808 214 3881 gulari
231 3807 309 3864 onim
324 3813 466 3881 praecepto
483 3807 630 3864 concessis
640 3809 682 3865 ita
693 3804 872 3866 utebatur'et
884 3809 946 3865 liei·

120 3896 169 3964 tis,
182 3913 240 3951 non
257 3900 290 3951 ut
303 3894 437 3968 voluptas
448 3894 583 3963 aleretur,
596 3895 645 3951 sod
659 3899 691 3951 ut
703 3895 832 3968 corporis
848 3886 963 3953 neces-⁰

999 3189 1163 3255 insistebat,
1181 3191 1232 3243 aut
1252 3186 1368 3243 lectioni
1392 3188 1463 3242 dum
1487 3185 1687 3254 incumbebat,
1703 3202 1825 3243 suorum

1000 3276 1099 3334 nullus
1114 3291 1181 3331 eum
1197 3276 1315 3349 aggredi
1340 3276 1537 3348 praesumebat
1558 3275 1637 3348 quia,
1650 3275 1737 3345 juxta
1752 3273 1824 3331 illud

999 3367 1076 3423 beati
1100 3366 1165 3430 Job,
1184 3364 1305 3420 Subditis
1329 3372 1389 3420 erat
1417 3365 1580 3431 temnendus,
1607 3371 1634 3420 ct
1657 3363 1708 3418 tae
1734 3363 1826 3420 votas

998 3458 1056 3529 ejus
1070 3471 1126 3511 aon
1140 3453 1250 3509 emblet
1273 3456 1302 3508 ia
1326 3461 1427 3508 terrem
1451 3453 1509 3522 (tob
1533 3469 1611 3518 xxrx,
1626 3453 1683 3521 24).
1701 3452 1824 3508 Omnem

999 3544 1190 3599 intentionem
1206 3558 1290 3597 suam
1312 3541 1376 3597 ideo
1396 3542 1455 3597 sore
1470 3539 1586 3597 volebat
1600 3541 1631 3596 in
1647 3539 1772 3609 occulto,
1788 3556 1824 3596 ne

999 3649 1058 3705 qua
1071 3630 1210 3686 laudandi
1227 3630 1346 3685 daretur
1357 3630 1471 3684 occasio
1485 3647 1519 3684 cx
1530 3645 1589 3700 qua
1603 3629 1711 3684 mentia
1726 3628 1825 3684 subre-

999 3738 1066 3794 pere
1090 3718 1234 3791 potuisset
1257 3717 1355 3773 olatio,
1374 3718 1428 3773 Sed
1446 3717 1606 3789 quominus
1630 3717 1746 3788 petebat
1760 3715 1825 3789 glo-

999 3811 1084 3876 riam,
1096 3824 1129 3865 eo
1145 3807 1229 3862 illum
1245 3807 1340 3878 magis
1361 3806 1549 3877 sequebatur,
1562 3805 1703 3876 quoniam
1718 3807 1752 3859 ut
1765 3806 1826 3859 du·

999 3899 1136 3973 gostinus
1153 3897 1211 3951 ait:
1226 3893 1353 3950 «Melior
1367 3898 1411 3948 ast
1427 3894 1529 3960 virtus,
1545 3910 1610 3964 quae
1624 3892 1755 3948 humano
1771 3895 1828 3949 tes·

121 3985 194 4041 sitas
209 3984 288 4040 brevi
304 3989 423 4056 sumptu
439 3984 575 4039 aleretur.
590 3983 721 4056 Apostoli
740 3983 944 4056 obtemperans
999 3986 1122 4042 timonio
1136 3986 1273 4039 contenta
1293 3998 1351 4037 non
1374 3984 1427 4048 est,
1445 3981 1501 4036 nisi
1527 3981 1712 4036 conscientia
1728 3997 1798 4036 sua.
1809 4003 1824 4030 n

120 4078 276 4146 praecepto,
293 4072 359 4126 rino
374 4072 510 4127 utebatur
525 4071 649 4140 modico,
660 4072 702 4128 sic
714 4073 825 4128 sanctis
839 4078 867 4128 et
882 4090 943 4128 mo·
998 4076 1073 4131 Vera
1088 4074 1166 4130 enim
1183 4075 1228 4127 est
1242 4071 1335 4126 virtus
1349 4087 1412 4142 qua
1429 4071 1464 4125 ad
1476 4084 1542 4124 rum
1556 4070 1645 4125 daem
1659 4069 1762 4136 tendit,
1774 4068 1824 4124 ubi

120 4160 231 4216 deratis
250 4160 374 4231 jejuniis
398 4176 503 4232 corpus
530 4177 645 4233 semper
670 4161 885 4230 attenuabatur,
901 4161 944 4217 sic
999 4170 1044 4222 est
1060 4166 1170 4220 bonum
1187 4159 1318 4215 hominis
1343 4176 1400 4230 quo
1426 4157 1529 4213 melior
1552 4174 1610 4213 non
1636 4160 1689 4213 est.
1704 4156 1739 4212 et
1760 4154 1825 4213 ideo

120 4248 304 4315 adulantium
323 4246 422 4319 lingua
444 4246 600 4314 vitabatur,
617 4249 659 4304 sic
682 4253 779 4304 monte
800 4249 945 4321 jactantia
998 4255 1122 4310 virtutes
1137 4249 1255 4306 habenti
1271 4264 1380 4320 magna
1394 4247 1487 4302 virtus
1502 4250 1546 4301 est
1562 4250 1753 4302 contumnere
1766 4244 1814 4317 glo

119 4336 293 4411 pellebatur.
506 4394 514 4407 ,
999 4345 1089 4408 rium;
1107 4339 1175 4412 quia
1191 4340 1376 4408 contemptus
1393 4335 1457 4406 ejus
1477 4334 1506 4389 in
1527 4340 1685 4408 conspectu
1701 4333 1751 4389 Dei
1767 4337 1821 4400 est,

155 4424 231 4481 Vlll.
248 4426 279 4481 ln
302 4426 402 4480 erroneis
425 4426 507 4480 ctiam
536 4424 652 4479 diritnm
679 4432 705 4480 et
733 4428 763 4479 tn
789 4427 940 4500 colloquiis.
957 4431 1107 4505 DJudicio
1123 4430 1220 4484 autem
1237 4440 1294 4480 non
1310 4423 1441 4496 aperitur
1457 4422 1598 4478 humano.

119 4513 318 4571 -Nobilium
342 4513 452 4568 mensis
474 4507 589 4584 quotics
603 4516 722 4569 coaetus
737 4513 885 4582 intererat,
901 4515 943 4572 sio
1032 4518 1066 4574 X.
1083 4518 1199 4572 Virtutes
1214 4514 1272 4586 aas
1299 4520 1363 4584 quot
1385 4519 1409 4568 et
1432 4512 1535 4583 quoles.
1551 4511 1712 4565 Animorum
1735 4511 1822 4566 susci·

119 4602 255 4677 apposita
270 4601 391 4670 libabat,
409 4606 441 4657 ut
461 4605 490 4657 ol
514 4600 752 4673 superstitionem
777 4600 898 4676 lugeret,
916 4607 944 4658 et
999 4610 1110 4665 ustio.-
1122 4602 1234 4659 Diversi
1248 4616 1375 4672 namque
1388 4599 1489 4654 fidelos
1500 4597 1552 4653 viri
1566 4597 1689 4653 diversis
1703 4597 1824 4655 laudau-

119 4691 330 4748 continentiam
342 4693 515 4759 reservaret;
528 4688 795 4762 quoniamquidem
807 4707 945 4748 mensura
998 4702 1048 4753 tur
1061 4692 1236 4759 virtutibus;
1253 4690 1357 4745 beatus
1373 4691 1471 4744 tamen
1487 4684 1612 4743 Maiolus
1632 4702 1690 4740 non
1707 4685 1737 4741 in
1753 4702 1822 4754 una,

120 4779 230 4853 ubique
250 4783 295 4838 est
319 4776 487 4835 laudabilis.
514 4778 611 4836 Rebus
632 4778 711 4835 enim
738 4780 767 4834 in
794 4780 944 4852 omnibus,
999 4785 1049 4842 sed
1066 4784 1095 4838 in
1110 4773 1736 4839 omnibusestlaudandus.Verumuosoas
1749 4773 1824 4829 ineo

118 4869 211 4925 etiam
226 4869 256 4924 in
271 4867 366 4937 bonis,
379 4871 423 4924 est
438 4866 540 4922 ritinm
555 4865 700 4939 quidquid
716 4867 871 4926 excesserit
886 4885 945 4925 mo·
998 4873 1118 4930 laudare
1128 4869 1363 4939 debemus,quas
1373 4869 1436 4921 tota
1446 4863 1526 4921 novit
1537 4862 1630 4931 ltalia,
1640 4879 1698 4919 non
1710 4862 1825 4935 ignorat

118 4957 203 5014 dum.
216 4958 260 5013 lta
272 4955 329 5012 sibi
340 4960 510 5029 competens
521 4958 549 5011 et
559 4955 727 5012 moderatus
739 4962 801 5012 erat
813 4956 942 5027 babitus,
999 4960 1165 5027 Germania,
1175 4958 1205 5013 in
1215 4955 1324 5028 quihus
1340 4957 1401 5010 tota
1416 4951 1542 5008 exsultat
1551 4950 1646 5008 Gallia
1657 4968 1664 5007 :
1676 4954 1823 5008 restaure-

119 5051 154 5103 ut
163 5063 217 5102 nee
228 5045 351 5101 nimium
362 5043 513 5117 speciosus
524 5048 575 5099 aut
586 5043 706 5112 nitidus,
719 5060 771 5100 nec
782 5044 943 5117 plurimum
999 5052 1108 5107 tionem
1124 5047 1236 5104 seilicet
1256 5043 1466 5110 coenobiorum,
1484 5058 1585 5114 pacem
1607 5039 1743 5098 aeclesiis
1758 5039 1823 5097 red-

118 5135 267 5190 videretur
290 5133 433 5204 abjectus.
448 5133 489 5188 Ex
505 5131 551 5188 his
565 5131 644 5186 enirn
664 5131 771 5204 sapius
793 5150 825 5188 se
835 5134 945 5190 -solent
998 5137 1101 5203 ditem,
1113 5150 1215 5206 regum
1226 5137 1256 5186 et
1266 5130 1445 5203 principium
1461 5129 1657 5199 concordiam,
1670 5130 1824 5186 intemera-

118 5222 254 5280 homiucs
268 5222 311 5278 vel
328 5220 487 5277 insolenter
498 5221 621 5291 Jactare,
633 5219 676 5275 rol
698 5219 852 5277 indiscrete
869 5222 943 5294 abji·
997 5231 1058 5281 tam
1075 5222 1179 5297 regulae
1191 5219 1417 5286 observantiam,
1430 5218 1543 5274 luc-rum
1558 5218 1737 5286 animarum,
1748 5234 1822 5289 quas

155 5348 193 5428 (3)
211 5347 238 5402 ld
257 5353 302 5402 est
323 5347 460 5414 restituit,
477 5347 619 5401 severiore
635 5344 792 5416 disciplina
811 5347 941 5405 inducta.
998 5350 1060 5405 loco
1083 5350 1164 5473 putet
1179 5345 1308 5407 abbates,
1326 5359 1383 5397 non
1408 5343 1518 5413 priores
1535 5342 1818 5422 suisscsspraapositos

118 5417 168 5475 Sic
184 5419 260 5472 rnlra
284 5436 348 5490 cap.
364 5422 408 5473 23.
427 5419 457 5472 lt.
473 5417 650 5489 Apollinaris
672 5417 837 5472 cenobium
857 5420 893 5474 ad
912 5421 941 5476 u.
998 5438 1079 5478 coeno
1104 5419 1138 5473 iis
1153 5415 1290 5472 Cluuiaco
1304 5413 1461 5485 adjunctis,
1475 5413 1560 5484 idque
1576 5429 1663 5468 variis
1678 5411 1818 5483 exemplis

118 5489 266 5546 benedicti
282 5489 390 5545 dicitur
415 5491 565 5546 instituisse
581 5491 725 5544 tramitem.
742 5488 782 5544 Ex
807 5487 861 5545 hoc
877 5508 943 5549 vcro
994 5493 1058 5565 jam
1072 5488 1269 5563 probavimus.
