3900 6090
152 283 230 351 lete

150 429 223 487 cum
236 424 299 496 jam
316 420 442 478 celestis
458 418 719 492 pietasmitissima
730 418 817 493 Regis

149 522 271 578 AEternee
282 517 356 573 lucis
371 512 451 569 radio
466 510 606 566 voluisset
620 510 717 583 opimo

148 612 286 667 Errurum
301 607 435 664 tenebras
449 607 578 658 veterum
596 600 758 656 discindere
772 600 881 672 nigras,

148 701 234 767 anis
250 705 320 754 tnnc
334 695 461 752 occiduae
476 697 574 766 partes
589 694 704 749 luerent
721 693 795 749 rnale
811 693 923 760 cincta,

148 790 235 861 Papa,
251 787 330 860 prior
341 785 470 841 monitus
486 782 582 838 divino
600 781 739 848 Flumine,
757 788 887 850 sanetus,

147 878 277 934 Pontifici
293 876 389 933 verbis
404 874 494 947 digno
509 874 651 928 suadebat
666 873 768 927 andeis

146 969 265 1025 Semina
279 966 368 1022 divini
385 968 550 1037 pergentes
566 981 701 1035 spargere
716 964 805 1017 verbi.

146 1061 198 1127 En,
215 1059 265 1124 ait,
282 1074 299 1113 o
314 1056 399 1111 miles
412 1054 531 1119 Christi,
546 1054 633 1108 trater
649 1052 778 1125 llionpsi,

146 1148 253 1221 Magna
267 1163 350 1216 seges
365 1143 480 1199 Domini
497 1142 601 1198 crescit
616 1160 667 1214 por
681 1142 799 1198 climata
816 1143 929 1212 mundi,

145 1236 279 1292 Prabens
295 1235 464 1289 innumeras
479 1236 599 1287 matura
615 1232 721 1286 messis
736 1231 854 1299 aristas,

144 1326 290 1381 Instantes
305 1322 394 1378 messi
411 1323 460 1376 sed
476 1324 611 1377 constant
627 1320 732 1392 oppida
749 1320 845 1391 pauci.

143 1414 214 1469 llinc
230 1418 272 1481 tu,
290 1429 438 1478 sacrorum
455 1408 573 1465 bibulus
590 1410 640 1481 qni
656 1410 735 1465 sonte
750 1409 891 1465 librorum

141 1503 296 1567 Constans,
314 1500 404 1555 divini
421 1499 529 1554 sciolus
544 1515 634 1570 quam
650 1497 776 1552 maximo
791 1498 900 1567 cultus,

139 1591 278 1663 Exemplo
295 1589 386 1655 Pauli,
403 1605 524 1644 securus
540 1603 636 1659 perge,
652 1587 784 1658 magistri

140 1681 265 1753 Imperio
281 1678 404 1752 populos
419 1677 526 1733 Christi
542 1677 720 1748 subjungere
734 1675 853 1732 multos.

139 1773 173 1827 nt
186 1770 239 1826 tibi
252 1770 337 1825 oredo
353 1769 525 1840 potestatem
538 1765 658 1821 ditionis
667 1766 800 1821 eamdem

555 285 821 346 nnorsurrua
844 265 1031 349 arcuimus
1055 288 1450 359 olnenusumuunsrs

1784 301 1857 363 llffl

984 420 1065 489 AAc
1080 424 1207 483 celebrat
1223 444 1311 483 sacra
1327 429 1411 487 solite
1426 431 1569 490 solemnia
1581 433 1693 491 missae.

1025 515 1087 583 Ast,
1105 515 1155 572 nbi
1171 516 1318 573 coelestem
1333 520 1457 575 debebat
1472 522 1605 596 frangere
1621 542 1748 597 panem,

1026 603 1088 658 Lux
1103 622 1176 660 nova
1192 606 1327 662 tristifico
1343 609 1440 664 subito
1456 610 1586 683 fulgebat
1602 612 1632 666 in
1650 620 1751 682 antro,

1026 694 1057 747 ln
1074 711 1132 765 qua
1147 695 1265 751 siderea
1283 697 1430 769 Regnator
1444 699 1620 771 splendidus
1636 702 1714 758 aulae

1025 781 1151 851 Scilicet,
1168 785 1300 858 angelica
1316 788 1424 859 pariter
1435 790 1592 845 comitante
1608 796 1749 861 caterva;

1022 873 1182 944 Apparens,
1200 874 1321 929 charum
1337 876 1543 933 consolabatur
1558 879 1729 947 alumnum,

1023 963 1187 1034 Sanctaque
1203 965 1277 1019 dans
1293 963 1345 1031 illi,
1364 964 1511 1021 mulcebat
1526 968 1636 1023 lamine
1652 969 1706 1024 tali
1726 986 1733 1023 :

1021 1052 1136 1123 Accipe,
1151 1052 1237 1107 chare
1253 1071 1348 1121 naeus,
1365 1054 1422 1110 mis
1433 1056 1497 1126 jam
1511 1057 1680 1113 venerabile
1698 1075 1817 1131 corpus,

1021 1142 1110 1211 Cujus
1127 1142 1299 1213 mysterium
1316 1142 1368 1198 tibi
1385 1160 1452 1198 mox
1467 1145 1620 1218 complebo
1637 1154 1799 1207 secretum.

1020 1230 1153 1302 Namque
1168 1231 1211 1286 tui
1229 1248 1340 1287 merces
1356 1249 1472 1288 mecum
1488 1240 1586 1290 manet
1602 1236 1723 1307 optima
1738 1255 1848 1312 perpes,

1022 1320 1128 1391 {lisque
1145 1320 1224 1376 salus
1244 1337 1361 1376 summa
1377 1321 1471 1378 Patris
1486 1328 1645 1394 prestatur
1657 1324 1689 1379 in
1707 1327 1789 1396 nula,

1019 1409 1189 1464 Consentire
1204 1409 1264 1465 tuis
1279 1410 1328 1482 qui
1346 1411 1418 1465 dant
1432 1427 1550 1482 operam
1566 1412 1614 1484 pie
1629 1414 1738 1484 jussis,

1019 1496 1095 1552 159
1111 1498 1193 1551 Certa
1208 1499 1376 1554 constanter
1391 1515 1532 1571 servaque
1548 1501 1637 1556 tidem
1653 1503 1815 1575 patienter,

1018 1589 1079 1653 Quo
1092 1590 1226 1641 crescant
1240 1585 1363 1643 celebris
1378 1587 1429 1642 tibi
1442 1589 1505 1659 jam
1521 1591 1670 1661 preconia
1685 1591 1798 1666 laudis,

1016 1675 1061 1742 tlt,
1078 1675 1274 1747 quodcunque
1286 1677 1377 1731 sacris
1390 1693 1407 1731 a
1421 1693 1468 1732 me
1483 1678 1622 1749 precibus
1638 1682 1796 1754 rogitabis,

975 1793 1000 1858 B
1017 1766 1176 1835 lnrpetrare
1193 1764 1247 1819 mci
1265 1764 1373 1835 poteris
1389 1765 1464 1821 dono
1481 1766 1612 1839 pietatis.

138 1863 231 1927 Quam
246 1858 396 1914 Christum
412 1857 495 1911 Petro
510 1855 622 1912 scimus
636 1854 792 1910 tradidisse
807 1855 959 1928 magistro,
1015 1852 1077 1908 'Pali
1095 1852 1210 1908 laetatus
1226 1852 1311 1908 sortis
1326 1853 1480 1922 solamine,
1496 1857 1592 1923 testis,

138 1951 183 2014 llt,
199 1965 288 2021 quam
299 1946 416 2018 suscepi
432 1961 586 2001 successor
595 1945 663 2014 jure
678 1944 823 2016 magistri.

137 2039 298 2095 Conversus
310 2036 357 2108 pie
373 2033 513 2097 solvendi,
530 2038 688 2104 sontesque
702 2032 824 2105 ligandi.

135 2128 240 2200 Accipe
255 2143 333 2182 nunc
348 2123 459 2185 Gallos,
474 2122 528 2177 tibi
543 2139 590 2177 me
606 2122 746 2188 tradente,
764 2123 920 2192 docendae,

136 2216 338 2287 Doctrinaeque
353 2213 395 2268 tui
407 2212 540 2282 signetur
555 2209 649 2266 Gallia
665 2211 741 2278 lorti,

136 2310 197 2373 Ono
211 2305 255 2360 vir
269 2301 447 2376 apostolicus
464 2299 553 2371 digna
567 2299 722 2355 celebreris
738 2299 867 2358 alumna.

135 2396 193 2451 Nec
207 2407 323 2448 vereare
340 2390 458 2464 quidem
475 2392 577 2462 gentes
592 2388 700 2444 intrare
715 2388 847 2458 rebelles,

135 2486 202 2550 Quae
218 2484 331 2537 restant
343 2496 422 2544 vero,
439 2478 607 2534 frendentes
622 2493 702 2532 more
718 2477 821 2545 serino,

134 2574 201 2639 Sed,
218 2572 270 2627 tibi
284 2569 427 2625 mercedis
442 2572 569 2633 tantum,
587 2567 710 2634 confide,
728 2568 873 2639 perennis,

132 2664 166 2717 ln
182 2660 276 2717 Patris
292 2659 435 2730 astrigera
449 2656 559 2712 summi
575 2655 717 2711 servarier
729 2655 805 2722 aula,

132 2753 281 2817 Quantum
298 2763 350 2819 pro
365 2746 480 2802 Christo
495 2744 597 2800 tuleris
614 2743 728 2816 patiedo
744 2744 862 2799 doloris.

132 2837 182 2893 llis
197 2853 278 2909 pupae
293 2834 409 2890 blandis
424 2832 530 2906 presul
544 2832 672 2887 monitus
687 2831 825 2899 suadelis,

131 2925 264 2981 Occidam
281 2925 355 2979 fines
370 2921 462 2995 partis
478 2922 602 2977 lestines
618 2921 718 2987 adivit,

129 3013 272 3069 Moenibus
287 3016 375 3084 atque
390 3010 482 3066 Patris
497 3027 631 3083 gressum
646 3027 712 3066 mox
727 3010 826 3067 intulit
841 3012 931 3080 urbia,

129 3103 163 3159 In
178 3120 236 3174 qua
251 3102 352 3156 crebre
367 3100 422 3155 loci
439 3116 490 3171 pro
506 3099 655 3154 fertilitate
670 3098 777 3166 decori,

1014 1941 1100 1997 Nulla
1115 1943 1200 1997 timet
1216 1945 1363 1998 tormenta
1377 1943 1437 2014 pati
1453 1961 1505 2015 pro
1521 1947 1644 2002 nomine
1660 1949 1784 2008 Christi.

1015 2032 1082 2087 Post
1096 2032 1157 2087 brec
1170 2031 1310 2086 abstracti
1325 2036 1415 2088 testes
1430 2033 1465 2088 de
1478 2051 1594 2091 carcere
1609 2038 1703 2107 terni,

1014 2122 1159 2192 Praecpta
1172 2138 1239 2175 mox
1254 2121 1382 2192 preelecti
1398 2126 1518 2194 cogente
1534 2126 1669 2197 superbi,

1011 2212 1054 2265 An
1070 2208 1176 2264 vellent
1191 2210 1207 2264 d
1213 2208 1283 2275 nris,
1302 2209 1476 2282 rogitantur,
1492 2213 1612 2269 credere
1627 2217 1755 2287 poenis?

1012 2300 1065 2366 Qui
1082 2299 1156 2354 benc
1172 2299 1340 2367 concordes
1356 2298 1435 2354 clara
1449 2316 1565 2373 quoque
1581 2320 1652 2359 voce
1669 2306 1806 2377 latentes,

1012 2388 1125 2443 Patrem
1142 2403 1209 2442 cum
1222 2387 1309 2454 ¹Natu,
1327 2404 1450 2443 necnon
1467 2406 1534 2444 cum
1550 2390 1690 2451 Flumine
1706 2414 1798 2467 seem,

1011 2478 1080 2532 Esse
1092 2477 1186 2531 Deum
1202 2493 1314 2544 verum,
1332 2475 1487 2548 solumque
1502 2481 1675 2551 perenniter
1690 2501 1795 2554 unum,

1010 2567 1178 2632 Testantur,
1191 2581 1258 2619 mos
1273 2563 1360 2621 malle
1376 2566 1449 2621 mori
1465 2584 1517 2639 pro
1533 2570 1656 2627 nomine
1673 2573 1793 2644 Christi,

1010 2656 1196 2711 Membratim
1213 2672 1327 2726 qnoque
1343 2656 1495 2729 suppliciis
1510 2658 1605 2715 scindi
1624 2664 1775 2734 redivivis,

1009 2747 1102 2812 Quam
1118 2762 1172 2799 sua
1186 2742 1260 2799 colla
1276 2744 1332 2798 diis
1349 2761 1478 2816 unquam
1494 2748 1673 2808 submittere
1689 2753 1783 2810 salsis.

1008 2835 1066 2889 llae
1082 2833 1176 2904 magis
1191 2833 1320 2888 ollcnsus
1335 2849 1441 2903 preses
1457 2835 1570 2891 ratione
1584 2840 1742 2912 prolapus,

1006 2923 1063 2978 Ceu
1079 2921 1132 2988 leo,
1150 2938 1207 2976 non
1223 2921 1338 2976 modica
1353 2923 1472 2994 rugiens
1486 2933 1669 2999 praeceperat
1683 2929 1738 3000 ira,

1005 3011 1131 3067 Athletis
1146 3010 1253 3067 Christi
1264 3010 1390 3066 cervices
1405 3029 1472 3067 mox
1487 3017 1621 3085 resecari,

1004 3100 1040 3155 nt
1054 3099 1160 3173 gladiis
1176 3103 1297 3154 cunctos
1311 3100 1415 3170 perimi
1426 3101 1603 3173 baptismate
1618 3105 1708 3165 lotos.

129 3190 278 3247 Gallorum
292 3204 426 3261 proceres
442 3192 619 3243 concurrunt
634 3188 740 3259 saepius
756 3204 867 3244 omncs¹
963 3160 985 3226 C
1006 3190 1139 3246 Cedibus
1151 3188 1324 3256 innumeris,
1342 3194 1375 3244 ut
1385 3190 1488 3260 jussit,
1503 3209 1634 3266 namque
1650 3203 1788 3272 peractis,

128 3279 179 3334 llic
194 3279 244 3334 ubi
260 3277 349 3332 divini
366 3276 453 3347 coepit
467 3292 551 3331 sacra
566 3275 680 3330 semina
693 3275 773 3330 verbi

128 3366 279 3438 Spargere,
295 3365 447 3435 signorum
465 3379 532 3417 mox
547 3378 679 3417 exercere
694 3378 745 3434 per
759 3362 843 3419 illum

126 3454 262 3510 Christus
277 3451 398 3506 virtutes
413 3450 590 3522 dignabatur
605 3449 650 3521 pie
664 3449 774 3522 plures,

126 3541 203 3598 168
219 3542 280 3608 Quo
296 3542 376 3594 tanto
388 3537 481 3610 plebis
496 3536 665 3593 mollescere
676 3540 764 3594 corda
779 3539 895 3597 rebellis

124 3631 167 3687 Ad
183 3630 297 3686 veniam
313 3633 445 3701 possent,
462 3631 572 3699 quanto
587 3627 689 3682 crebro
704 3628 790 3700 signa
804 3628 944 3688 viderent.

124 3721 175 3774 Ast
190 3718 241 3774 ubi
257 3715 403 3773 credentis
419 3732 561 3771 numerus
577 3714 677 3789 populi
693 3718 788 3789 magis
804 3722 918 3788 auctus,

124 3807 289 3880 lnspirantc
304 3805 367 3863 dies
383 3804 497 3859 Christo
514 3804 653 3859 crevisset
666 3805 696 3859 in
712 3822 825 3874 omnes,

123 3896 277 3952 lnsremuit
293 3911 381 3966 super
396 3894 450 3949 boe
464 3894 571 3949 veteris
586 3894 666 3949 srnus
682 3910 757 3949 saeva
772 3895 917 3966 draconis,

122 3984 289 4057 Dedignans
304 3983 419 4038 animas
434 3998 498 4037 sese
507 3983 570 4053 jam
587 3982 707 4053 perdere
723 3987 830 4053 tantas,

123 4076 200 4139 Quas
215 4073 298 4144 prius
313 4087 445 4126 errorum
461 4070 575 4142 laqueis
590 4069 722 4142 capiebat
738 4072 857 4141 curaris,

123 4160 194 4215 llinc
209 4164 292 4231 pater
306 4159 368 4231 ipse
383 4158 452 4226 doli,
468 4158 587 4214 sceleris
602 4159 760 4231 doctorque
774 4160 905 4234 maligni,

122 4247 259 4304 Provocat
273 4247 417 4318 injustum
433 4262 530 4319 regem
546 4263 623 4317 mox,
641 4247 851 4318 Domitianum,

120 4335 301 4394 Christicolis
315 4335 410 4391 edicta
425 4335 504 4391 necis
520 4335 629 4392 dictare
645 4337 758 4393 ferocis.

120 4425 305 4494 Qui,deoreta
317 4440 466 4498 peremne
478 4441 566 4480 snum
581 4425 701 4481 mittens
712 4426 790 4482 mala
806 4444 939 4503 regnum,

120 4513 225 4569 Christi
241 4513 368 4570 cultures
384 4514 472 4568 morti
485 4513 652 4569 damnarier
666 4531 778 4572 omnes.

75 4586 82 4593 ²
119 4601 209 4673 Cujus
225 4606 368 4674 praecepto
383 4601 530 4658 Sisinnius
542 4619 609 4675 crgo
626 4603 761 4672 nclando,

120 4689 238 4761 Praeses,
255 4708 430 4747 consensum
445 4693 577 4764 prebens
589 4695 733 4766 extemplo
748 4696 921 4769 malignum,

119 4778 288 4836 Pontificem
304 4781 473 4852 presentari
488 4781 631 4849 vinctum,
643 4780 737 4853 jubet,
755 4783 809 4853 illi,

118 4870 209 4932 Quem
226 4869 273 4924 sex
288 4867 438 4925 Callarum
453 4869 587 4942 cognovit
599 4871 654 4926 rite
667 4874 852 4945 magistrum,

116 4958 157 5012 Ac
172 4958 301 5030 primum
317 4958 416 5031 flagris
432 4962 592 5014 mactatum
608 4959 734 5033 denique
751 4963 842 5031 duris,

117 5045 175 5101 Nec
190 5064 247 5101 non
263 5045 416 5119 suppliciis
431 5047 568 5102 allectum
583 5049 683 5105 crebro
699 5053 838 5121 cruentis,

116 5135 246 5190 Carceris
258 5136 286 5190 in
304 5137 439 5191 tenebras
452 5137 543 5207 jussit
557 5138 725 5194 concludier
739 5145 830 5209 atras,

118 5223 213 5294 lpsins
228 5225 445 5296 condiscipulos
460 5226 570 5298 pariter
582 5244 697 5299 quoque
713 5228 809 5297 binos,

115 5315 193 5378 Quos
210 5330 360 5384 nunqnam
377 5315 465 5370 charo
478 5329 544 5371 sors
560 5322 642 5389 coget
658 5318 760 5374 abesse
786 5320 936 5393 magistro.

115 5400 171 5456 Sed
187 5419 239 5457 nco
254 5404 395 5459 carcereis
410 5403 515 5476 presul
532 5405 688 5477 praeclarus
707 5407 736 5462 in
752 5409 844 5466 antris

114 5487 227 5544 Desinit
241 5491 415 5562 obsequium
432 5493 554 5548 Domine
571 5497 732 5566 persolvere
748 5498 882 5572 dignum,

115 5575 170 5632 Sed
186 5578 287 5635 docuit
301 5579 429 5652 plenam,
445 5584 576 5641 studiose
592 5587 821 5658 convenientem,

1006 3277 1114 3334 Praesul
1131 3295 1197 3333 cum
1213 3277 1301 3333 sociis
1312 3279 1435 3349 junctus
1450 3280 1580 3337 trahitur
1592 3289 1773 3347 venerandis

1003 3367 1046 3422 Ad
1062 3367 1127 3422 loca
1141 3365 1285 3440 martyrii,
1297 3367 1404 3422 damno
1420 3369 1549 3440 capitum
1562 3378 1739 3447 peragendi.

1004 3456 1058 3522 Qui
1076 3471 1144 3510 nam
1159 3455 1331 3528 gaudentes,
1348 3456 1472 3512 Domino
1487 3457 1654 3533 laudesque
1669 3472 1778 3523 cenent

1004 3544 1165 3618 Pergebant
1179 3545 1306 3617 prompti
1323 3547 1415 3601 scme't
1429 3564 1496 3603 mox
1511 3548 1617 3606 dedere
1633 3555 1737 3612 morti.

1002 3631 1110 3688 Presul
1126 3637 1196 3688 tunc
1210 3633 1303 3689 oculis
1318 3651 1437 3690 sursum
1448 3638 1649 3713 manibusque
1664 3643 1778 3714 levatis,

1000 3720 1179 3776 Alritbtrono
1196 3721 1269 3777 tales
1283 3723 1425 3778 tundebat
1439 3741 1568 3798 congrue
1583 3734 1697 3802 grates,

1002 3811 1040 3865 Mi
1057 3811 1124 3881 Dee,
1141 3812 1181 3865 mi
1198 3812 1312 3878 Factor,
1327 3812 1368 3867 mi
1383 3813 1614 3876 clementissime
1632 3821 1750 3892 Rector,

1000 3899 1054 3965 Qui
1067 3916 1113 3955 mc
1126 3898 1204 3954 vituli
1221 3906 1363 3971 praestans
1375 3919 1446 3958 aura
1460 3905 1506 3976 pie
1517 3908 1605 3976 vesci,

1000 3988 1117 4043 Scilicet
1131 3988 1240 4060 ingenii
1256 3989 1371 4046 donasti
1388 3991 1453 4049 luce
1467 3995 1606 4065 profundi

999 4080 1060 4143 Quo
1077 4077 1115 4133 tis
1131 4081 1276 4133 secretum
1290 4084 1437 4136 scrutarer
1451 4085 1677 4154 mysteriorum.

998 4167 1039 4222 Te
1053 4164 1148 4220 sulum
1164 4164 1262 4234 laudo,
1280 4171 1307 4222 te
1322 4169 1495 4226 cordetenus
1509 4172 1666 4246 benedico,

997 4256 1032 4311 m
1045 4253 1098 4309 tibi
1113 4254 1232 4310 devotas
1247 4256 1361 4312 cunctis
1377 4263 1474 4330 grates
1490 4278 1545 4333 ago
1557 4265 1716 4335 membris,

998 4344 1051 4400 Pro
1066 4342 1180 4399 cunctis
1196 4342 1281 4400 donis
1296 4345 1368 4400 mibi
1383 4346 1493 4404 collata
1507 4349 1641 4421 pietatis.

996 4434 1095 4505 ‘leque
1108 4449 1220 4505 precor,
1232 4435 1397 4506 majestatis
1410 4437 1469 4493 Rex
1481 4455 1590 4513 magne
1601 4446 1748 4514 perennis

954 4530 978 4595 D
997 4522 1031 4578 Ut
1046 4523 1115 4578 dare
1127 4526 1298 4594 perpetuam
1315 4524 1450 4582 mihimet
1464 4527 1585 4600 dignere
1600 4547 1754 4604 eoronam,

995 4614 1089 4683 Atque
1101 4610 1174 4666 meis
1190 4611 1289 4681 sociis,
1304 4629 1355 4685 pro
1372 4618 1400 4669 te
1411 4633 1488 4671 nunc
1499 4618 1563 4688 jam
1580 4623 1747 4694 morituris,

994 4701 1073 4758 160
1087 4702 1189 4772 'laque
1204 4703 1290 4756 tuum
1303 4703 1444 4773 populum
1461 4721 1544 4762 serva
1559 4709 1673 4780 pietate
1692 4717 1816 4786 paterna

994 4792 1085 4854 Quem
1101 4805 1224 4862 pascens
1240 4789 1308 4846 fidei
1320 4790 1437 4848 tibimet
1452 4810 1589 4852 sermone
1604 4801 1729 4857 nutrivi.

995 4879 1045 4934 llis
1062 4878 1102 4933 ita
1116 4878 1265 4949 poscentis
1277 4881 1413 4952 precibus
1423 4883 1486 4953 Jam
1504 4884 1560 4940 rite
1572 4891 1715 4958 peractis,

994 4966 1057 5023 Una
1071 4965 1210 5037 discipuli
1226 4973 1328 5023 sancto
1343 4986 1411 5024 cum
1425 4971 1551 5043 proesnlo
1565 4974 1643 5048 bini,

994 5055 1156 5128 Poplitibus
1172 5055 1286 5127 positis,
1303 5057 1463 5115 cervicibus
1477 5066 1565 5134 atque
1579 5065 1709 5123 reflexis.

994 5145 1072 5200 lctus
1086 5143 1197 5199 lictoris
1212 5151 1405 5217 susceperunt
1420 5148 1560 5206 ferientis.

993 5238 1123 5302 Quorum
1138 5234 1301 5305 permansit
1314 5236 1436 5294 celebris
1451 5241 1597 5298 consessio
1614 5244 1695 5314 talis,

992 5324 1038 5390 Ut,
1056 5324 1127 5379 dum
1143 5323 1265 5395 precisis
1281 5324 1426 5382 siluerunt
1441 5344 1563 5400 corpora
1578 5332 1677 5404 collis,

992 5411 1149 5484 Pulpantes
1161 5411 1268 5485 lingue
1281 5413 1384 5470 laudes
1398 5416 1521 5473 Domino
1537 5420 1683 5480 cecinere.

991 5504 1172 5558 Trurrcatum
1189 5519 1305 5574 quoque
1316 5503 1464 5575 pontificis
1478 5524 1586 5580 corpus
1602 5513 1758 5570 morientis

990 5590 1119 5663 Erigitur
1133 5589 1241 5656 subito,
1259 5591 1384 5650 nitidum
1400 5596 1556 5668 splendore
1569 5616 1689 5672 sereno,
