3900 6090
123 300 181 364 tlt
787 290 971 357 oeaooell
993 291 1018 355 V
1039 291 1162 353 PAPAE.
1774 290 1830 350 ate

123 437 454 505 taum,neononomnes
470 431 629 487 residentes
645 432 673 485 et
688 428 805 485 colonos
822 428 946 501 prelatas
961 427 989 495 Α
1002 425 1129 482 incendii
1154 423 1297 497 supplicio
1321 424 1360 479 sit
1381 425 1550 498 deputatus.
1568 423 1696 496 Insuper
1716 423 1790 479 sciat
1803 438 1831 480 se

124 521 301 579 Ravennatis
321 520 459 588 ecclesie,
477 524 536 575 tam
566 519 596 573 in
626 518 767 574 comitata
797 515 949 573 lladriensi
1004 512 1646 587 compositurumauriobrizilib.xxxsanctae
1658 513 1831 569 Rauennate

123 609 258 682 quamin
275 606 702 666 Ferrariensecttiomaelense
724 600 949 674 commorantes,
1004 603 1194 661 ecolesimllt
1217 603 1360 675 vero,qui
1390 603 1438 675 pio
1465 602 1575 659 intuitu
1607 604 1781 658 observator
1806 601 1834 658 in

124 695 634 768 utimmanesahullapublica,ot
664 695 783 768 angeria
813 697 951 750 maneant
1005 691 1683 764 omnihusexstiterit,custodionshujusnostri
1696 690 1835 764 privilegii

124 785 291 854 iunctione;
309 786 360 841 sed
381 785 493 858 jugiter
517 784 581 856 tibi,
598 785 715 856 tuisque
731 783 951 839 successoribus
1006 782 1174 849 constituta,
1191 781 1227 836 ad
1243 780 1355 836 cultum
1367 780 1418 836 Dei
1435 781 1605 852 respiciens,
1623 779 1836 836 benedictionis

124 873 952 947 archipresulibusinperpetuumomnemsanctionemet
1006 871 1129 946 gratiam
1146 869 1422 927 misericordissimo
1438 869 1560 925 Domino
1576 870 1636 925 Deo
1652 874 1758 925 nostro
1768 867 1837 925 mul·

123 963 275 1036 angariam
293 962 419 1036 exigant,
437 969 465 1020 et
476 964 553 1034 quod
570 963 612 1019 cis
628 964 663 1018 ab
681 963 829 1018 actoribus
845 965 951 1017 sanctae
1007 959 1146 1033 tiplieiter
1161 964 1189 1016 et
1202 960 1268 1015 vita
1282 964 1394 1016 aterne
1408 959 1553 1032 particeps
1564 960 1627 1014 deri
1640 963 1838 1028 momentanei

124 1051 302 1108 Ravennatis
313 1051 440 1108 ecclesie
457 1052 545 1107 suerit
560 1052 737 1124 injunctum,
748 1052 854 1106 verum'
865 1051 952 1105 ctiam
1007 1066 1074 1105 cam
1090 1049 1201 1105 sanctis
1217 1049 1355 1104 omnibns
1371 1048 1499 1104 sociatus
1515 1052 1701 1120 permaneat.

125 1140 313 1197 concedimus
329 1145 357 1196 et
372 1141 583 1196 confirmamus
594 1141 710 1196 vobis...
723 1143 824 1211 gentes
835 1143 862 1194 et
878 1154 953 1193 com·
1043 1138 1191 1210 Scriptum
1207 1154 1258 1209 per
1273 1154 1394 1193 inanum
1411 1137 1485 1193 Pctri
1503 1138 1659 1210 regionarii
1678 1136 1800 1206 trotarii,
1812 1142 1838 1195 ct

126 1233 274 1285 morantes
285 1229 315 1284 in
326 1234 480 1285 eastre...
493 1234 526 1284 ut
543 1227 655 1284 nnllam
672 1227 820 1300 publicam
832 1227 954 1282 sanctio·
1008 1228 1153 1284 seriniarii
1162 1233 1269 1283 sancta
1279 1227 1605 1296 RomaneEcelesire,in
1615 1245 1721 1284 mense
1731 1227 1838 1284 Janua·

33 1335 37 1339 ’
126 1333 193 1374 nem
204 1317 291 1374 iaciat
306 1321 425 1391 excepte
439 1318 532 1386 vobis,
549 1318 712 1390 vestrisque
723 1316 952 1385 successoribus,
1009 1317 1052 1373 rio
1068 1320 1096 1372 et
1110 1316 1140 1372 in
1156 1315 1316 1372 indictione
1331 1335 1349 1371 x
1364 1317 1412 1389 (3).
1430 1317 1505 1373 Bene
1519 1316 1621 1373 valete.

126 1422 161 1463 ea
178 1403 313 1462 videlicet
327 1406 440 1463 ratione
454 1407 579 1480 prefixa,
598 1409 630 1462 at
646 1405 746 1462 nullus
761 1406 828 1473 dux,
845 1421 952 1474 comes,
1044 1406 1150 1462 Datum
1164 1423 1183 1461 v
1197 1403 1318 1461 Kalend.
1336 1405 1486 1461 Februarii
1510 1422 1562 1478 per
1586 1423 1697 1462 manus
1719 1406 1840 1463 Joannis

123 1495 297 1564 vicecomes,
315 1494 446 1552 castaldo
451 1536 505 1550 .....
523 1511 630 1567 magna
656 1511 802 1567 parvaque
830 1483 955 1567 persona
1008 1494 1136 1567 episcopi
1146 1493 1240 1550 saneti
1250 1492 1424 1550 Albanensis
1436 1491 1609 1561 ecclcsia,et
1624 1493 1840 1552 bibliothecarii

124 1583 253 1658 prelatis
268 1583 390 1653 colonis,
402 1587 430 1641 et
446 1584 643 1641 residentibus
661 1583 790 1655 aliquam
806 1583 954 1656 publicam
1009 1586 1116 1639 sancta
1140 1581 1305 1655 apostolice
1330 1583 1420 1649 sedis,
1438 1600 1514 1640 anno
1536 1583 1728 1656 pontificatus
1742 1585 1840 1641 domni

124 1672 365 1731 sanctioncmaat
377 1672 564 1746 angariam...
581 1672 770 1745 autexigant.
788 1673 842 1729 Sed
858 1671 953 1729 securi
1009 1671 1138 1745 Gregorii
1164 1689 1244 1744 pape
1270 1672 1376 1744 prime,
1392 1671 1508 1744 imperii
1530 1676 1630 1728 autem
1645 1673 1750 1729 domni
1765 1673 1839 1730 tertii

125 1762 250 1834 ctqaieti
262 1761 292 1817 in
305 1761 443 1817 omnibus
454 1762 509 1818 sab
520 1766 617 1818 vestra
627 1762 752 1817 tuitione
764 1765 953 1833 etpetestate,
1009 1760 1122 1817 Ottonis
1137 1760 1324 1832 imperatoris
1346 1761 1472 1833 augusti,
1491 1777 1566 1817 anne
1582 1762 1680 1834 primo
1696 1763 1728 1818 in
1743 1755 1839 1820 mense

125 1850 340 1924 etpredictam
350 1849 648 1916 cst,existant.Simul
659 1850 747 1906 etiam
756 1850 907 1906 sancimus
920 1855 954 1907 ut
1008 1849 1157 1907 ianuario.

125 1937 951 2011 sanctaRavennasecclesiacumsuissahjeotisecelesiis,

125 2026 203 2083 sicut
216 2027 388 2083 beatissima
403 2027 544 2096 Itomana,
562 2028 608 2084 cai
624 2028 681 2084 Dec
698 2031 815 2084 auctore
828 2027 953 2084 deservi-

126 2113 407 2183 mus,Eeelesia,nisi
418 2115 896 2188 pecccatumcurriculaanaerum
908 2133 954 2173 res

126 2202 220 2276 ipsius
238 2203 430 2260 excludantur
450 2204 629 2262 nullatenus.
646 2205 785 2261 Praeterea
799 2223 815 2261 a
830 2205 952 2262 flumine

126 2291 953 2368 PanotaricamPaludeArgeataeetomnibuspertinenti-

125 2380 955 2456 bus‚piseariis,tecris,aucupationibas,venationibus,a-

125 2461 954 2544 trasqaerlpascameuuetisedificiisinpredictollumi-

1390 1957 1451 2013 Vll.

1051 2061 1185 2103 ennoean
1206 2063 1285 2104 PAPAE
1304 2064 1322 2102 V
1342 2063 1530 2103 pervacuatum
1551 2064 1675 2105 tramam
1694 2065 1796 2107 seuam

1252 2134 1391 2175 ruaocssl
1411 2135 1589 2175 CONCESSUM.

1329 2208 1423 2277 (Anne
1438 2207 1513 2275 997.)

1133 2294 1271 2365 <ur-onte,
1288 2294 1351 2351 Cod.
1367 2295 1480 2368 diplom.
1496 2295 1575 2352 Fuld.
1593 2313 1621 2369 p.
1637 2297 1715 2370 340.)
1784 2302 1787 2306 “

1045 2384 1212 2439 Gasconrus
1228 2383 1394 2457 episcopus,
1410 2400 1510 2440 servus
1525 2402 1677 2441 serverum
1693 2386 1755 2443 Dei.

1044 2471 1182 2527 Omnium
1199 2471 1332 2527 fidelium
1345 2473 1836 2544 presentiumvidelicetacsutum·

125 2557 242 2628 assitis,
258 2560 399 2632 usquead
411 2563 528 2632 portum
540 2561 630 2617 meris
643 2565 884 2634 necnonportum
897 2561 953 2615 Vn·
1008 2576 1074 2614 rum
1088 2559 1198 2615 notities
1216 2564 1314 2632 petest
1329 2560 1455 2634 qualiter
1465 2579 1517 2634 per
1532 2561 1672 2619 moritum
1687 2563 1836 2638 dignitatis
1852 2561 1855 2564 ’

124 2646 210 2717 lanae,
224 2649 366 2721 usquead
381 2648 478 2705 locum
490 2649 539 2721 qui
556 2648 666 2704 dicitnr
680 2650 791 2718 Cervia,
807 2667 875 2706 cam
890 2668 953 2707 om·
1008 2647 1133 2703 Harrom
1158 2648 1312 2705 Faldensis
1334 2649 1468 2706 Ecclesiae
1495 2651 1593 2706 abbati
1616 2653 1787 2710 venerando
1808 2654 1835 2710 id

124 2734 953 2811 aihuslittoribussais,silvis,qualibasqueinstrumentis
1008 2738 1086 2808 quod
1096 2736 1189 2792 nostri
1205 2737 1398 2794 antecessoris
1413 2738 1505 2811 pietas
1519 2740 1665 2797 concessit
1677 2748 1779 2798 nostra
1793 2743 1837 2799 dc·

123 2823 165 2880 ihi
175 2824 312 2895 conditis,
323 2826 416 2894 vebis,
429 2828 592 2899 vestrisque
608 2828 828 2884 successoribus
843 2829 873 2883 in
888 2846 952 2902 per·
1006 2826 1083 2881 vetio
1095 2843 1152 2881 non
1164 2826 1325 2900 denegavit.
1336 2828 1460 2899 Ideoque
1469 2827 1538 2900 quia
1548 2828 1707 2901 postulavit
1721 2848 1740 2887 a
1755 2832 1836 2889 nobis

124 2917 247 2987 petuam
266 2914 486 2971 confirmamus.
505 2915 561 2972 lies
575 2915 662 2971 etiam
679 2933 779 2973 omnes
795 2917 954 2990 lapides,ct
1007 2912 1129 2986 dignum
1142 2914 1280 2971 duximus
1295 2919 1327 2970 ut
1342 2916 1473 2987 ejusdcm
1489 2916 1544 2973 loci
1559 2919 1736 2990 supradicte
1747 2919 1833 2978 ecele-

123 3005 222 3075 petras
232 3005 292 3058 tam
312 3020 403 3076 supra
422 3009 541 3071 terram,
566 3021 654 3077 qaam
669 3006 724 3061 sab
739 3009 857 3074 terrem,
873 3010 953 3062 extra
1007 2999 1057 3057 sie
1067 3003 1224 3059 venerabili
1240 3004 1434 3060 aritecessoris
1448 3005 1539 3061 nestri
1554 3008 1722 3064 renovando
1734 3010 1833 3067 contin

123 3106 198 3162 opas
212 3089 242 3146 in
253 3090 380 3164 publicis
397 3091 528 3147 adificiis
539 3093 660 3165 positas,
674 3098 776 3151 vestra
793 3093 953 3150 Ravennati
1007 3108 1156 3148 meremus
1175 3109 1358 3149 cencessum.
1374 3093 1555 3150 Venerabilis
1570 3095 1650 3151 enim
1667 3103 1833 3155 antecessor

122 3178 250 3235 eeclesiae
268 3178 424 3252 largimur,
442 3185 529 3252 prout
542 3198 594 3237 aas
608 3181 754 3255 vestrique
770 3200 953 3240 successores
969 3167 990 3233 C
1007 3184 1108 3236 noster
1118 3179 1202 3236 illum
1213 3181 1414 3254 supradictum
1426 3183 1560 3239 abbatem
1576 3184 1675 3241 Rome
1686 3203 1833 3245 conscera-

122 3267 159 3323 ad
168 3267 300 3340 ejusdem
313 3268 442 3326 ecclesias
454 3269 610 3326 utilitatem
621 3271 805 3344 praeviderint
815 3288 952 3329 exercen-
1006 3267 1047 3323 vit
1061 3268 1146 3342 eique
1162 3268 1265 3326 debitae
1285 3271 1477 3343 subjectionis
1487 3272 1594 3345 jugum
1610 3273 1753 3331 subeunti
1767 3293 1832 3333 coa·

122 3354 186 3425 das,
202 3360 230 3412 et
244 3358 421 3428 operandas.
439 3357 570 3430 Denique
586 3359 784 3428 concedimus,
801 3363 830 3416 et
844 3361 951 3417 confir·
1006 3356 1095 3413 cessit
1104 3375 1171 3414 cum
1187 3358 1344 3415 dalmatica
1355 3364 1383 3415 et
1392 3359 1534 3416 sandaliis
1549 3361 1673 3418 missam
1689 3363 1833 3423 celebrare

122 3459 239 3500 mamas
255 3448 290 3501 ut
307 3446 342 3501 ab
359 3444 456 3518 aliquo
478 3447 628 3504 sacerdote
653 3448 795 3504 Ravenna
819 3449 950 3522 degente,
1005 3447 1047 3502 Ad
1059 3449 1136 3519 quod
1148 3446 1280 3503 animum
1292 3450 1519 3521 vertentes,quia
1529 3449 1689 3522 specialius
1699 3453 1833 3512 aliissuis

122 3532 341 3591 autexlamilia
352 3535 485 3606 ejusdcm
502 3540 609 3592 sancta
627 3536 802 3593 Ravennatis
812 3537 949 3609 ecclesiae,

122 3625 274 3696 pertatem
292 3622 439 3680 AEmiliam
456 3628 542 3697 atque
559 3624 740 3697 Pentapolim
754 3625 950 3684 nullumtclo·

122 3714 313 3784 neum,atque
324 3712 575 3785 portatioam‚sive
586 3713 795 3786 silliquaticum
806 3715 948 3789 exigatur,

121 3803 173 3857 aut
187 3815 341 3872 exposcere
356 3805 560 3873 presumatur.
581 3803 759 3872 Stataentcs‚
778 3809 865 3876 atque
884 3823 949 3878 pro·

121 3885 289 3962 mulgentes
309 3904 407 3945 coram
427 3890 496 3958 Deo,
514 3895 542 3946 et
553 3891 675 3948 terribili
687 3894 751 3964 ejus
771 3894 868 3951 lutare
883 3911 949 3950 oxa·

121 3976 288 4050 mlne...pcr
298 3977 388 4050 hujus
400 3979 491 4035 nostri
504 3979 654 4051 apostolici
662 3980 948 4056 privilegiipaginam

121 4064 281 4134 sancimus,
307 4070 336 4122 et
364 4066 441 4123 beati
474 4067 550 4124 Petri
579 4070 778 4142 apostoloram
808 4070 949 4146 principis

122 4153 295 4210 auctoritate
307 4154 493 4213 decernimus
506 4174 513 4225 3
526 4161 584 4214 lam
596 4159 855 4231 apostolica-sedis
866 4161 948 4218 obte-

120 4243 236 4298 stamur
251 4241 366 4300 laturos
375 4245 540 4316 pontifices,
553 4263 699 4320 quannquc
710 4248 760 4320 qui
772 4249 947 4306 ecclesiasti·

120 4346 170 4388 cas
186 4330 351 4389 functiones
377 4332 617 4404 ministraverint,
633 4335 678 4392 vel
706 4337 795 4392 etiarn
825 4355 947 4411 magnas

119 4435 282 4493 parvasque
293 4437 443 4492 personas,
461 4427 489 4478 ct
519 4423 666 4496 quispiam
691 4426 894 4498 cujuscunque
910 4427 948 4484 sit

119 4507 273 4588 dignitatis
281 4510 589 4582 preditadeomaibus
600 4530 690 4586 supra
700 4514 786 4570 dictis
797 4515 945 4589 capitulis,
962 4535 985 4601 D

119 4597 305 4670 qaaanobis
316 4615 456 4656 concessa
475 4605 554 4671 sunt,
569 4601 612 4657 vel
629 4603 811 4672 confirmata,
828 4621 945 4678 queque

119 4687 206 4743 modo
215 4685 366 4744 licentiam
376 4688 504 4746 habeant
515 4707 590 4764 sepe
601 4692 751 4749 nominata
759 4692 832 4765 loca,
840 4693 869 4750 in
886 4713 944 4754 ano

118 4774 256 4845 adunata,
273 4780 360 4849 etque
388 4777 554 4850 specialiter
581 4781 744 4853 apostolicae
768 4785 944 4843 exarationis

116 4862 225 4938 pagina
247 4865 415 4937 conjunctu,
433 4866 610 4941 disjungere,
627 4871 671 4926 vel
700 4888 759 4926 uae
789 4873 824 4928 ab
853 4874 943 4932 altero

117 4951 255 5011 alienare.
268 4953 298 5010 Si
309 4953 376 5026 qais
386 4954 508 5024 interca,
520 4958 597 5029 quod
609 4976 667 5014 non
678 4959 835 5030 credimus,
853 4967 943 5020 teme·

1006 3535 1208 3592 consimilibus
1230 3540 1335 3592 nostra
1359 3538 1494 3593 ltomanae
1510 3539 1644 3595 Ecclesia
1661 3541 1831 3613 lanrulatur,

1006 3622 1160 3696 specialius
1177 3624 1308 3698 digniore
1322 3643 1442 3682 munere
1457 3628 1615 3684 condonari
1636 3630 1830 3690 decrevimus.

1005 3714 1099 3778 Quare
1115 3713 1178 3768 siae
1194 3713 1274 3769 omni
1290 3714 1518 3774 contradictione
1541 3719 1831 3779 nostraauctoritate

1004 3801 1164 3873 apostoliea
1179 3802 1378 3871 concedimus,
1390 3808 1498 3859 utcum
1508 3803 1669 3864 dalmatica
1683 3814 1712 3864 et
1727 3811 1831 3868 sanda·

1003 3889 1051 3946 liis
1060 3889 1181 3946 missam
1190 3890 1315 3948 celebret
1326 3892 1435 3964 talique
1445 3892 1565 3966 pignore
1577 3899 1686 3953 nostras
1695 3897 1829 3966 Romane

1003 3977 1136 4035 Ecclesiae
1152 3980 1332 4052 subjectione
1346 3981 1549 4054 presignetur.

1039 4067 1185 4140 Scriptum
1210 4085 1261 4141 per
1285 4086 1390 4126 manus
1413 4069 1488 4126 Petri
1508 4071 1666 4145 regionarii
1683 4076 1790 4132 notarii
1804 4080 1829 4134 et

1002 4155 1146 4212 seriniarii
1157 4162 1264 4213 sancte
1275 4157 1411 4215 Romana
1430 4157 1563 4216 Ecclesia
1579 4176 1658 4218 anno
1673 4163 1828 4221 Dominica

1002 4244 1211 4301 incarnationis
1224 4246 1445 4318 nongentesimo
1461 4249 1678 4320 (nonagesima)
1693 4254 1826 4325 septimo,

1001 4346 1102 4389 meuse
1118 4333 1285 4402 Februario,
1302 4334 1461 4391 indictione
1485 4335 1608 4392 decima.
1624 4337 1704 4395 Bene
1727 4341 1827 4398 valete.

1037 4422 1142 4478 Datum
1152 4439 1192 4479 vu
1208 4422 1276 4479 ldus
1289 4424 1371 4479 Febr.
1384 4441 1435 4496 per
1445 4441 1551 4480 manus
1561 4425 1688 4483 loannis
1701 4429 1825 4502 episcopi

1002 4515 1107 4567 sancte
1117 4510 1291 4568 albanensis
1307 4512 1441 4569 Ecclesia
1457 4518 1485 4569 et
1495 4512 1712 4572 bibliothecarii
1723 4523 1826 4574 sancte

1001 4600 1163 4673 apostolicae
1179 4601 1267 4657 sedis.

1373 4692 1447 4748 Vlll.

998 4797 1131 4837 arrsroan
1150 4797 1284 4837 cneconn
1295 4790 1381 4837 'mee
1393 4800 1410 4838 v
1420 4799 1456 4837 aa
1474 4798 1605 4840 mrossn
1620 4798 1823 4842 russurrensis

1318 4873 1411 4941 (Anno
1428 4871 1505 4940 997.)

1095 4960 1188 5032 (Apud
1205 4960 1348 5026 Miraeum,
1370 4959 1436 5032 Opp.
1452 4959 1566 5033 diplom.
1584 4961 1632 5031 ΙΙΙ,
1649 4965 1728 5033 569.)

117 5041 193 5098 rario
205 5058 290 5110 ausa,
307 5048 409 5100 eontra
419 5059 454 5101 ea
464 5062 528 5117 quae
539 5046 575 5101 ab
586 5046 640 5103 hae
657 5051 943 5110 nostraauctoritate
1033 5047 1200 5104 Gnaeonres
1214 5048 1379 5122 episcopus,
1397 5065 1497 5106 servus
1513 5067 1664 5107 serverum
1680 5051 1743 5121 Dei,
1758 5051 1823 5110 dilc-

115 5129 944 5212 pieetfirmiterperhoenestrumprivilegiumdispesita
997 5135 1129 5193 ctissime
1154 5136 1213 5193 alio
1239 5138 1345 5195 Orroei
1366 5139 1565 5196 aomanorum
1580 5139 1752 5214 imperatori
1767 5145 1821 5200 Aa·

115 5221 597 5292 suatcontrairetentaverit,autin
607 5242 755 5298 quoquam
765 5231 940 5303 transgredi,
996 5230 1082 5298 gusto
1086 5267 1140 5283 .....

115 5307 231 5366 sciatse
242 5309 498 5368 auctoritatebeati
512 5311 587 5369 Petri
603 5314 727 5387 apostoli
746 5318 941 5379 anathematis
1030 5315 1157 5388 Equam
1172 5314 1300 5388 igituret
1311 5316 1434 5389 dignum
1445 5317 1647 5389 J'adicavimus
1662 5317 1819 5392 imperialis

114 5395 230 5455 vinculo
246 5398 432 5469 innodatam,
448 5403 477 5457 et
492 5418 559 5457 cum
574 5402 652 5459 Jada
678 5405 817 5463 traditore
841 5411 940 5467 aeterni
995 5403 1134 5461 honorem
1150 5403 1301 5477 regiminis
1314 5409 1344 5461 et
1358 5408 1532 5477 potestatem
1549 5406 1817 5480 apostolicaaucto·

152 5500 191 5573 (3)
201 5502 476 5591 Exstatutoenobis
491 5507 623 5592 Gregorii
636 5510 781 5595 pontificis
791 5513 941 5576 electionis
995 5520 1040 5578 die
1062 5523 1177 5578 constat
1205 5519 1362 5595 legendam
1386 5537 1450 5580 esse
1474 5521 1576 5580 indict.
1592 5526 1714 5597 xproat
1732 5523 1815 5598 jacet,

116 5583 176 5636 neu
188 5589 255 5636 vero
269 5591 308 5636 ιι.
325 5577 400 5637 Bene
414 5593 493 5637 earm
505 5585 680 5641 conveniunt
694 5598 801 5644 omnia.
