3908 6082
124 286 185 357 dlii
680 281 848 346 ADSONlS
871 277 1090 344 besvensis
1114 278 1281 342 seusus
1773 277 1835 343 608

127 419 541 481 nobitisB.Frodebcrtivitum
551 415 990 490 institutionemqucscqucn-lt
1007 414 1139 483 cirouirc,
1156 416 1384 486 sanctorumque
1400 417 1562 489 martyrum
1573 413 1617 472 vel
1633 414 1835 475 confessorum

126 513 206 569 libus
221 510 411 583 quamplures
428 508 616 582 postmodum
634 508 663 561 in
678 507 752 563 urba
766 506 953 563 Trecassium
1008 504 1191 572 festivitates,
1208 504 1353 575 siquando
1370 503 1500 561 revoluto
1514 506 1582 561 anni
1606 504 1718 562 circulo
1740 521 1835 562 meur·

125 601 260 657 exstitere
269 598 432 671 pontifices,
442 597 518 653 intcr
528 613 601 668 (quos
614 593 954 652 Aldobertusvirsummi
1008 594 1126 659 sissent,
1143 592 1242 648 debita
1256 609 1324 648 cum
1340 594 1524 651 veneratione
1539 593 1699 667 suscipere.
1716 594 1791 650 Nam
1805 592 1835 651 il·

125 686 235 762 ingenii
249 692 278 743 et
294 686 446 759 precipua
463 684 648 753 sanctitatis,
664 686 795 756 itemque
813 683 951 752 Bobinus,
1007 683 1058 738 lud
1075 683 1131 738 sibi
1146 680 1311 755 specialibus
1326 681 1480 751 indixerat,
1497 688 1532 739 ut
1546 700 1699 740 sacrorum
1720 682 1835 740 diorum

125 777 242 836 natione
252 775 416 847 Aquitanus
428 776 466 846 (5)
478 793 485 842 ς
497 791 622 846 quorum
636 776 757 845 uterquc
768 771 824 845 ipsi
834 771 897 828 loce
907 772 954 827 in·
1007 771 1094 827 ferias
1114 771 1252 844 peculiari
1277 772 1385 843 qudam
1411 773 1612 829 observatione
1633 775 1786 842 tractaret,
1802 777 1834 830 ut

74 893 79 900 ·
123 864 224 940 gentis
238 864 393 921 commoda
408 862 568 931 contulere,
585 863 662 918 intra
682 867 820 934 extraque
845 860 953 934 quibus
1008 864 1125 933 putares
1141 877 1208 916 cum
1224 859 1297 933 ipsis
1317 861 1381 933 jum
1406 860 1586 935 martyribus
1610 860 1766 930 commori,
1783 878 1833 921 nec

123 952 263 1028 possibile
279 953 333 1008 fuit
348 952 557 1024 amplificanda
571 951 676 1018 modis,
694 951 795 1023 sicque
811 951 840 1005 in
856 949 951 1024 pleni·
1002 951 1066 1022 jam
1079 955 1199 1007 terrena
1215 949 1303 1025 molis
1318 950 1422 1007 usibus
1436 951 1570 1008 detineri.

122 1043 502 1114 tudiuebonoruuroperum
512 1041 589 1096 diem
600 1040 738 1096 ultimum
747 1056 952 1097 consumman-
1006 1040 1039 1095 lrs
1052 1039 1119 1110 sesto
1133 1039 1162 1095 S.
1181 1040 1308 1108 Quintius
1322 1058 1339 1097 o
1353 1040 1475 1098 claruere
1499 1042 1529 1097 in
1552 1043 1674 1099 eretiem
1697 1040 1830 1099 turbatae.

123 1136 177 1200 tes,
188 1129 631 1203 intraseptubasilieaeejusdem
641 1129 812 1185 monasterii
823 1128 951 1185 nobilem
1043 1130 1085 1184 tu.
1103 1130 1310 1202 linquendum
1332 1128 1502 1188 adveniente
1526 1131 1772 1205 splendidissima
1785 1147 1833 1189 su·

123 1220 220 1279 sortiti
235 1223 305 1276 sunt
319 1218 511 1292 sepulturam.
529 1219 641 1286 Quibus
657 1220 698 1275 ita
713 1217 837 1290 digestis
853 1235 951 1275 rerum
1006 1216 1156 1274 lemnitate
1171 1219 1202 1274 Β.
1219 1218 1351 1285 Quintini
1368 1218 1506 1293 martyris
1522 1219 1832 1292 pretiosi,amouasts·

123 1312 273 1385 gestorum
288 1308 421 1365 ordinem
436 1312 614 1380 repetamus.
1006 1307 1041 1361 rii
1057 1305 1150 1379 ipsius
1163 1307 1323 1376 abbatissa,
1331 1307 1442 1365 Roculs
1451 1307 1762 1382 seminecemque
1769 1324 1832 1367 suu·

122 1401 154 1456 le
176 1398 348 1457 Parthenone
371 1401 459 1454 suncti
487 1399 614 1466 Quintiui
642 1399 700 1470 ejus
725 1398 830 1453 eteritis
855 1399 952 1453 einum
1005 1394 1225 1452 ctimenialibus
1240 1394 1390 1470 roligionis
1404 1396 1498 1470 gratia
1514 1397 1724 1467 invitatusest,
1741 1398 1829 1457 uinf-

468 1489 598 1559 oupeseit.
1006 1484 1080 1540 frciis
1090 1485 1194 1540 divina
1205 1484 1382 1543 celebritatis
1392 1485 1436 1540 vir
1446 1484 1654 1543 sanctissimus
1664 1485 1830 1557 intem

158 1579 202 1634 14.
219 1577 352 1634 Florebat
367 1577 398 1632 in
421 1580 521 1633 sancto
546 1575 607 1632 viro
631 1575 832 1648 spiritualium
855 1577 949 1649 profe·
1004 1578 1150 1646 tantaque
1165 1573 1332 1631 festivitatis
1347 1575 1465 1647 gaudia,
1482 1574 1649 1634 sanctitatis
1662 1590 1699 1632 ae
1712 1574 1831 1634 merite-

121 1671 223 1725 ctuum
236 1666 408 1723 indeficiens
420 1665 515 1740 gratia
525 1680 583 1721 nou
595 1663 736 1739 exemplis
748 1664 843 1721 solum
855 1669 951 1722 etmo·
1005 1679 1072 1719 rum
1087 1662 1262 1720 sublimium
1277 1663 1414 1738 lampade
1428 1663 1599 1721 illustraret.
1616 1664 1693 1722 Nam
1712 1670 1831 1740 exeepta

121 1757 214 1825 ribus,
232 1756 283 1813 sed
299 1755 387 1812 otiam
410 1754 621 1810 miraculorum
646 1752 801 1825 splendore
825 1752 948 1810 solemni
1006 1752 1157 1810 devotione
1171 1750 1371 1827 ergasanctes
1392 1752 1628 1827 incomparabili,
1644 1755 1735 1811 ctiam
1757 1753 1829 1813 illud

122 1843 336 1902 commendata.
354 1841 386 1897 ln
402 1857 460 1914 quo
476 1846 586 1913 quanta
597 1839 948 1914 fuoritlargitasquauta·
1002 1859 1071 1900 eum
1086 1858 1171 1899 sacra
1185 1843 1249 1899 loos
1265 1843 1349 1899 festis
1364 1841 1468 1899 diebus
1487 1843 1675 1915 frequentare
1697 1842 1829 1919 negabat,

122 1949 180 2005 que
194 1931 348 1988 affluentia
361 1929 523 1996 charitatis,
536 1946 596 1985 una
606 1929 729 2001 ipsaque
739 1927 865 2003 simplici
876 1927 947 1986 rele-
1002 1933 1079 2004 quod
1096 1931 1138 1988 eis
1153 1931 1305 2005 spirituale
1321 1931 1451 2004 regimen
1467 1930 1637 1989 adhibebat.
1648 1931 1707 1989 Nec
1714 1929 1831 1989 distulit

122 2021 201 2078 tione
215 2019 371 2076 constabit.
387 2017 515 2090 Contigit
531 2034 599 2073 aum
622 2017 749 2088 quodam
771 2020 902 2091 tempore
915 2018 946 2075 in
1002 2021 1074 2093 quin
1087 2020 1207 2090 veniret,
1224 2021 1393 2076 devotarum
1405 2019 1830 2079 Deosauctimonialiumdesi·

122 2108 286 2182 puellarum
302 2107 444 2175 caenobio,
461 2107 539 2179 quod
555 2106 587 2162 Β.
604 2105 736 2173 Quintini
756 2107 894 2179 martyris
908 2108 946 2181 (ll)
1001 2108 1082 2166 deria
1098 2114 1238 2182 reputans
1253 2126 1311 2165 non
1328 2109 1434 2166 dobere
1449 2108 1724 2183 frustrarillnplete
1738 2107 1828 2185 igliur

122 2196 234 2257 nemini
250 2199 462 2265 consecratum,
474 2195 609 2267 intraque
618 2194 721 2251 urbem
730 2195 946 2265 situmest,due
1001 2214 1152 2255 sacrarum
1179 2197 1345 2273 vigiliarum
1372 2198 1468 2254 efficio
1490 2198 1666 2271 vespertino,
1690 2196 1828 2273 vulgique

120 2288 180 2345 vini
197 2285 315 2344 vaseula
329 2284 451 2358 triginta
459 2285 550 2341 fermo
561 2284 727 2341 modiorum
741 2285 947 2358 capaciacom-
1001 2286 1193 2343 multitudine
1208 2288 1244 2343 ad
1261 2292 1330 2343 neta
1349 2287 1508 2343 diversorla
1533 2288 1685 2357 redeunte,
1701 2287 1748 2344 vir
1761 2304 1828 2347 eeu·

122 2377 287 2446 mendasse,
295 2375 371 2447 quod
380 2373 462 2430 locus
470 2374 548 2430 idern
560 2373 585 2429 ci
597 2376 675 2430 esset
684 2371 944 2443 familiarissimus,
1001 2381 1065 2434 ctus
1082 2376 1112 2432 in
1127 2377 1250 2432 ecclesia
1264 2376 1403 2449 perstitit,
1420 2391 1509 2448 seque
1524 2375 1623 2449 ipsum
1633 2376 1828 2436 sacrationu-

122 2483 156 2524 ae
167 2463 285 2539 speciali
298 2462 450 2521 charitatis
460 2460 573 2536 glutino
584 2461 874 2535 copulatusejusque
883 2478 947 2519 eru·
1000 2463 1651 2538 tionibusmancipans,spirituslesexcubias
1661 2464 1826 2525 exeroebnt.

122 2553 225 2611 ditioni
241 2569 273 2609 ac
289 2551 425 2627 regimini
449 2550 635 2625 peculiariter
659 2549 855 2624 mancipatus.
872 2552 946 2609 Nam
1000 2557 1038 2612 At
1051 2554 1171 2627 prefata
1185 2553 1345 2623 abbatissa,
1358 2553 1429 2627 quid
1444 2557 1565 2611 sanetus
1579 2554 1626 2610 vir
1637 2558 1758 2628 genem
1770 2570 1827 2613 uon

121 2660 188 2701 cunr
199 2659 251 2717 pro
262 2659 321 2699 sure
336 2639 500 2699 sanctitatis
516 2640 620 2697 merito
636 2641 671 2696 ab
688 2638 826 2696 omnibus
837 2639 943 2714 princi·
1001 2641 1545 2716 minimumcuriosa‚eumquibusdam
1552 2642 1827 2701 mnetimcnlalibus

120 2732 181 2807 pali
196 2730 355 2790 reverentia
370 2728 525 2801 coloretur,
541 2728 570 2785 id
586 2728 641 2787 sibi
656 2727 782 2802 quisque
792 2744 945 2786 summum
1000 2733 1031 2788 in
1046 2731 1167 2790 basilica
1181 2748 1213 2788 se
1222 2731 1385 2802 occultans,
1397 2732 1544 2806 egregiam
1559 2732 1702 2789 orationis
1715 2731 1830 2791 instu-

120 2821 280 2896 deputabat
294 2821 416 2888 bonum,
433 2818 458 2875 si
470 2819 534 2892 eJ'us
545 2816 948 2875 familiaritativelmedioeri-
1000 2823 1072 2880 tiam
1088 2821 1382 2895 compunctionisque
1398 2821 1478 2878 illius
1493 2820 1694 2896 largissimam
1708 2820 1827 2883 ubam

120 2916 165 2969 ter
179 2908 317 2984 conjungi
333 2907 505 2977 meruisset,
523 2912 615 2981 utque
630 2908 661 2963 in
675 2905 814 2964 omnibus
828 2910 857 2964 et
867 2908 945 2979 apud
979 2916 1059 2986 tem
1084 2909 1185 2968 sedulo
1209 2926 1278 2966 cum
1302 2910 1453 2967 sororibus
1468 2910 1640 2967 mirabatur.
1656 2910 1725 2969 ilex
1738 2910 1828 2970 niati

121 3016 223 3058 omnes
237 3014 301 3055 sese
313 2996 501 3054 asseetuosius
518 3000 627 3070 ageret,
642 2997 736 3069 deque
750 2995 946 3053 omnibusin·
1000 2999 1146 3067 humana,
1172 3000 1347 3068 contrarius,
1374 2998 1562 3073 feliciumque
1590 3014 1713 3072 operum
1737 3016 1827 3074 qm

121 3090 294 3146 cunctanter
304 3087 501 3159 presumeret,
510 3085 624 3142 cunetis
634 3083 836 3159 gratissimum
847 3090 876 3142 et
885 3101 947 3159 per-
1002 3087 1127 3145 maxime
1136 3088 1260 3145 aemulus
1268 3088 1363 3145 adfuit
1372 3087 1521 3158 inimicus,
1532 3089 1582 3162 qui
1593 3089 1827 3149 mundissimum

121 3174 250 3250 optabile
264 3179 336 3231 erat.
353 3173 485 3246 Cumque
498 3172 558 3230 illio
574 3190 650 3247 sape
671 3173 823 3230 charitatis
838 3173 944 3244 officio,
960 3160 983 3229 G
1001 3177 1052 3235 Dei
1069 3177 1283 3246 holocaustum,
1299 3176 1355 3234 etsi
1370 3194 1427 3234 non
1452 3177 1569 3250 penitus
1593 3176 1697 3235 tollere
1719 3178 1827 3252 potuit,

122 3263 353 3324 adsumendum
374 3262 513 3337 poculum
537 3262 680 3337 plurimos
704 3267 882 3333 convocaret,
899 3264 946 3322 die
999 3281 1109 3323 veneno
1133 3272 1232 3323 tomen
1257 3271 1400 3339 suspecte
1425 3266 1538 3324 fraudis
1561 3264 1670 3324 foedare
1691 3266 1826 3325 unhul.

121 3356 251 3429 quadam
266 3351 483 3427 apothecariam
499 3351 584 3409 solito
599 3349 704 3409 cellam
719 3350 881 3426 ingressus,
894 3370 946 3427 pa·
1000 3356 1074 3414 Nam
1090 3355 1310 3424 candelabrum,
1328 3355 1374 3412 cui
1391 3372 1491 3413 cereus
1506 3355 1825 3428 imposituserat,sub-

119 3441 241 3501 rimanti
249 3440 352 3499 faciem
360 3439 420 3497 vini
428 3439 618 3498 exuberantia
626 3439 733 3513 reperit
741 3441 943 3514 superfusam
999 3444 1096 3514 vertit,
1114 3445 1317 3518 exstinctoque
1332 3444 1454 3502 lumine.
1471 3444 1550 3518 quod
1572 3445 1670 3504 noctis
1690 3446 1721 3502 et
1742 3448 1825 3503 teue-

118 3533 287 3607 veritusque
303 3548 340 3589 uc
354 3531 427 3588 forte
446 3529 557 3588 vasculi
583 3528 795 3587 incontinentia
819 3529 944 3604 liquoris
1000 3535 1119 3592 brorum
1135 3537 1214 3591 esset
1228 3536 1343 3590 amator
1357 3533 1505 3592 evidenter
1514 3532 1651 3592 ostendit.
1663 3532 1715 3591 Vir
1726 3537 1827 3593 tanen

119 3621 310 3698 dispendium
321 3620 512 3695 provenisset,
529 3620 659 3688 fratrem,
676 3619 727 3693 qui
751 3636 852 3676 secum
872 3620 946 3678 forte
1000 3622 1115 3682 Domini
1132 3624 1161 3679 in
1178 3622 1319 3680 orationis
1331 3622 1430 3680 studio
1446 3623 1590 3697 perstitit3
1602 3638 1656 3680 nec
1666 3622 1829 3683 maresan

118 3716 245 3781 venerat,
261 3727 294 3768 os
307 3709 467 3783 superioris
492 3711 607 3766 meatus
630 3708 776 3782 inspicere
797 3708 943 3783 pracepit.
962 3782 965 3787 Ι
999 3713 1127 3770 tenebris
1142 3711 1250 3769 fuscari
1266 3713 1372 3785 potuit,
1388 3713 1436 3769 cui
1451 3712 1587 3770 Christus
1601 3712 1830 3772 auctoratius

118 3804 180 3871 Quo
195 3802 271 3858 facto
287 3799 407 3874 (mirum
422 3797 503 3855 dieto
519 3798 597 3871 quod
620 3801 675 3865 est)
691 3797 794 3854 viuum
818 3813 945 3870 superne
999 3801 1121 3859 luminis
1136 3801 1387 3875 praesentissimus
1401 3801 1474 3871 fuit;
1491 3790 1828 3875 cqusexuuorooutas
1851 3836 1854 3841 ·

118 3891 287 3949 redundans
300 3888 458 3962 aspicitur;
471 3888 601 3961 satisque
611 3891 710 3960 aperto
722 3886 855 3943 constitit
865 3888 943 3959 quod
999 3892 1053 3948 etsi
1070 3891 1221 3947 nocturnis
1234 3890 1363 3947 tenebris
1378 3891 1524 3965 caligavit,
1542 3905 1625 3947 mens
1640 3894 1745 3948 umen
1756 3889 1830 3950 uu-

118 3983 228 4054 quanto
243 3978 399 4034 hauriebat
413 3976 589 4050 propensius
603 3975 742 4044 charitas,
759 3978 842 4031 tento
862 3975 943 4032 boni·
999 3981 1276 4054 mn,semperquead
1285 3980 1544 4053 contemplandum
1551 3981 1643 4038 Deum
1655 3979 1827 4054 purissime,

119 4085 178 4142 gna
191 4065 337 4123 Crantoris
346 4064 468 4139 largitas
478 4064 587 4122 hausta
596 4063 746 4138 profusius
756 4063 942 4122 reformabat.
998 4087 1071 4128 verre
1087 4069 1162 4127 lucis
1177 4068 1312 4142 lampado
1330 4069 1503 4125 coruscavit.

120 4156 190 4228 fdus
206 4153 346 4210 nimirum
361 4152 416 4210 hoc
429 4154 537 4209 fuctum
552 4152 866 4226 crediturpictute,qui
876 4170 944 4210 cum
1230 4159 1267 4215 Ae
1283 4175 1464 4230 ererpumeue
1478 4158 1592 4215 ridetur.

120 4261 174 4301 nes
190 4241 393 4299 misericordes
409 4257 473 4298 osse
484 4241 587 4314 jubeat
601 4244 630 4297 et
642 4242 712 4298 dure
732 4241 943 4315 indigentibus,
1036 4252 1080 4306 17.
1097 4248 1211 4305 Interea
1225 4263 1386 4321 paucorum
1403 4247 1518 4304 dierum
1534 4244 1830 4306 interlabentecurrl·

120 4339 153 4391 ut
168 4332 254 4390 nouis
273 4348 390 4405 quoquo
418 4331 547 4405 plurimo
569 4331 693 4399 contum
709 4330 739 4386 in
764 4348 823 4404 quo
846 4335 944 4390 tamen
999 4339 1076 4408 culo,
1092 4337 1129 4395 au
1144 4336 1479 4394 restaurandarum
1495 4334 1830 4413 consessor-iselam·

119 4438 259 4479 mensura
272 4419 443 4489 tribuimus,
460 4421 490 4478 in
506 4421 607 4477 eadem
623 4420 709 4478 uobis
729 4421 944 4477 remetiendum
999 4428 1041 4485 tia
1056 4444 1089 4483 nx
1101 4442 1181 4483 moro
1191 4424 1300 4482 christi
1313 4424 1442 4483 famulus
1452 4424 1827 4501 accedebatssumqnejm

120 4509 313 4568 nihilominus
328 4509 508 4582 repromittit
517 4509 620 4583 (doute.
631 4527 681 4578 vu,
692 4512 726 4579 2;
742 4508 824 4565 Mure.
837 4526 875 4579 1v,
886 4509 943 4582 24).
959 4536 983 4603 D
999 4517 1075 4575 sores
1090 4514 1218 4575 ecclosias
1228 4514 1413 4588 perintraret,
1424 4515 1569 4588 contingit
1577 4515 1739 4588 quemdam
1749 4524 1828 4573 ωα-

119 4598 943 4673 betenimmanusdivinancnlargasolum,verumetiam
1000 4621 1162 4682 gomanum
1184 4605 1315 4662 damone
1338 4603 1503 4677 exagitante
1527 4604 1641 4674 sexam
1658 4604 1710 4677 qui
1726 4603 1828 4662 rubida

119 4690 201 4748 dives
215 4693 243 4746 et
257 4688 379 4762 proflua.
398 4689 456 4746 Nec
480 4689 670 4747 metuendum
687 4704 723 4745 ne
736 4689 809 4746 forte
823 4688 943 4763 largita·
999 4702 1080 4769 peste
1094 4692 1312 4766 captivus,cum
1321 4690 1828 4751 miserumosiuamsntisvsrtslr-

119 4782 179 4837 um
194 4783 335 4852 sequatur
349 4778 459 4852 inopia,
474 4777 625 4853 quoniam,
642 4780 675 4833 ut
698 4777 740 4833 ait
761 4778 918 4851 Apostolus
934 4795 942 4835 ι
997 4787 1107 4852 xusset,
1124 4781 1317 4839 intercutem
1331 4781 1442 4838 famina
1457 4781 1584 4855 pectoris
1597 4780 1825 4852 furiosi,le

121 4869 175 4938 0νί
196 4869 313 4926 semitm!
336 4869 366 4924 iu
392 4868 631 4935 benedictorum,
649 4868 687 4939 (ll
701 4867 762 4924 Cor·
783 4884 822 4936 ιιι,
837 4868 866 4937 6)
880 4872 942 4937 etc;
998 4871 1112 4931 doberti
1129 4870 1237 4944 sepius
1251 4884 1358 4927 noman
1373 4869 1570 4944 ingeminans,
1582 4875 1686 4927 sancte
1696 4870 1828 4928 virens

122 4960 222 5033 quique
244 4958 421 5014 administrat
441 4975 534 5014 senen
560 4958 720 5024 seminanti,
742 4964 768 5013 et
787 4974 885 5030 ponem
909 4957 944 5013 ed
999 4962 1045 5018 bis
1060 4958 1232 5033 procacibus
1248 4957 1421 5028 insultabat,
1434 4959 1828 5032 quodeosacrasexereeule

119 5042 341 5104 mulcendum
352 5047 505 5120 prestabit,
521 5055 548 5103 et
559 5046 756 5118 multiplicabit
779 5048 945 5104 imreetente
997 5049 1122 5123 vigilias,
1133 5046 1272 5104 solatium
1282 5046 1404 5104 luminis
1416 5046 1735 5106 detraxissetdtmiles
1742 5046 1828 5106 (Herl-

120 5136 233 5210 (rupum
241 5138 361 5210 juretus
374 5144 474 5195 nestrae
487 5136 568 5208 (lbet,
587 5137 641 5205 10).
999 5138 1037 5194 sti
1053 5135 1288 5206 strenuissimus,
1300 5135 1451 5194 diabolicas
1466 5136 1578 5195 fraudis
1593 5134 1828 5208 consciuerant

403 5226 514 5282 Seue‘es
527 5227 573 5298 pie
585 5225 659 5281 relit.
999 5226 1094 5283 hostis
1102 5229 1163 5282 arte
1172 5227 1299 5295 concuti,
1309 5225 1390 5282 nulla
1400 5225 1496 5299 potuit
1506 5226 1653 5283 minarum
1664 5226 1828 5284 intentione

158 5317 203 5382 15,
221 5313 374 5371 Familiare
389 5314 445 5369 fuit
464 5319 603 5386 praeterea
625 5313 686 5369 vire
711 5312 762 5369 Dei
786 5328 944 5384 supernam
999 5314 1113 5383 torreri,
1131 5314 1177 5371 eui
1193 5314 1328 5372 Christus
1342 5319 1406 5371 erat
1421 5314 1601 5389 praesidium,
1613 5319 1643 5372 et
1658 5319 1762 5373 contra
1775 5315 1827 5374 be·

122 5404 247 5476 patriam
263 5402 483 5476 infatigabiliter
497 5402 606 5459 sitienti
622 5419 706 5459 saera
727 5402 790 5458 locs
814 5401 945 5460 devotius
1000 5405 1083 5461 stilos
1098 5404 1252 5461 machinas
1267 5404 1493 5478 inexpugnabile
1509 5402 1827 5474 firmamentumouia

158 5529 197 5601 (5)
211 5530 286 5602 Lego
300 5544 429 5596 carmen,
446 5543 546 5601 supra.

159 5601 198 5670 (6)
213 5599 287 5667 Illud
303 5599 466 5658 Parthenon
482 5598 633 5656 redactum
649 5603 694 5661 est
708 5599 739 5658 in
754 5598 918 5673 prioratum
933 5600 1116 5663 Molismcnsi
1131 5601 1255 5662 abbatia
1271 5599 1449 5673 subjectum.
