3900 6090
58 240 119 306 349

58 467 199 523 [tentante
216 464 361 531 Ecclesia,
379 459 684 536 prmrlictisJ'ndicibns
699 458 804 514 dativis
820 475 889 514 cen·

63 555 219 612 sentiendo
235 558 264 610 ct
279 551 491 626 promulgando
508 548 633 604 scribere
648 547 728 602 dicta
743 548 839 602 verita.
858 545 890 603 ln

66 661 143 716 quos
155 645 220 716 Jam
237 638 378 696 nominati
393 637 519 712 propriis
531 636 667 692 manibus
683 653 735 708 pro
752 633 893 706 anrpliorc

66 743 96 789 et
111 731 241 787 firmiore
252 727 409 785 stabilitate
420 725 658 798 subscripserunt
673 723 728 777 sub
745 722 892 790 die,anno,

64 839 179 887 mense,
196 824 224 875 et
239 816 397 873 indictione
413 813 581 887 supradicta
596 829 633 867 xi.

98 912 158 983 Ego
177 905 351 964 Benedictus
369 907 476 959 sanctae
503 901 651 958 catholicae
676 905 705 955 ct
728 898 893 971 apostolicae

60 996 198 1055 Ecclesia
215 994 263 1049 tut
275 992 381 1066 praesul
397 989 569 1062 subscripsi.

96 1087 158 1158 Ego
192 1083 360 1140 Geribertns
397 1084 505 1135 sanctae
535 1075 732 1157 Turtuncnsis
761 1075 895 1131 Ecclesia

61 1164 750 1248 episcopusbnicjndicatiperpetualiterchartrr
764 1163 893 1243 interfui

99 1263 204 1318 Petrus
220 1254 515 1330 neptensisucctesia
525 1253 681 1327 episcopus
693 1253 761 1307 irnic
769 1252 894 1326 J'udicati

63 1351 206 1426 paginam
221 1344 437 1420 perpetualiter,
455 1342 541 1400 sicuti
558 1359 648 1415 supra
669 1340 786 1414 legitur,
806 1340 893 1397 inter·

63 1441 118 1496 fui.

99 1531 159 1602 Ego
175 1527 305 1585 ioannes
320 1523 459 1598 indignus
475 1521 616 1578 diaconus
632 1523 739 1576 sancta
756 1521 894 1576 flumana

63 1617 199 1676 Ecclesia
216 1615 286 1672 huic
302 1611 488 1672 refutationis
504 1610 610 1667 chartac
627 1607 748 1666 interfui
774 1613 803 1664 ct
827 1607 895 1664 sub-

64 1705 182 1780 scripsi.

98 1793 261 1870 Gregorius
275 1793 430 1866 episcopus
447 1791 553 1845 sancta
569 1784 743 1842 nitranensis
757 1783 891 1842 Ecclesia]

65 1886 134 1943 huie
149 1881 335 1941 refutationis
350 1880 457 1937 chartac
472 1876 591 1933 interfui
607 1879 636 1932 et
650 1873 822 1948 subscripsi.

99 1975 158 2030 Leo
175 1969 319 2029 Ostiensis
336 1967 492 2042 episcopus
503 1965 571 2021 huie
581 1963 765 2021 refutationis
778 1963 896 2032 charte,

68 2063 145 2120 sicut
161 2078 251 2135 supra
268 2061 448 2115 memoratus
464 2058 518 2123 est,
536 2053 654 2109 interfui
671 2057 700 2108 et
723 2051 895 2123 subscripsi.

101 2149 270 2223 Stephanus
284 2152 358 2204 nutu
374 2144 425 2202 ilci
441 2142 614 2200 Narniensis
629 2140 763 2198 Ecclesiae
784 2141 896 2214 episeo-

69 2259 125 2314 pus
140 2239 210 2295 huic
223 2234 407 2294 refutationis
420 2233 527 2290 charte
540 2231 668 2287 interfui.

102 2328 272 2402 Stephanus
288 2325 338 2382 Dei
351 2322 532 2398 providentia
544 2318 729 2393 primicerius
746 2316 813 2375 huic
824 2318 870 2373 ref
887 2349 898 2358 -

69 2418 192 2474 murinis
206 2417 313 2472 charte
330 2410 458 2469 interfui.

104 2509 162 2563 Leo
180 2504 296 2562 Domini
312 2503 408 2577 gratia
423 2505 543 2557 vocatus
559 2497 670 2554 arcario
691 2504 797 2553 sanctae
813 2513 896 2568 apes·

69 2595 163 2652 toliere
180 2593 258 2651 sedis
275 2592 344 2648 huic
359 2587 542 2646 refutationis
557 2587 662 2643 charta
679 2585 807 2641 interfui.

103 2686 163 2739 nze
178 2681 229 2738 Dei
246 2680 352 2754 pietate
369 2675 626 2752 protoscriniarius
641 2679 670 2731 et
692 2673 898 2747 apocrisiarius

72 2772 212 2830 Romana
226 2769 361 2827 Ecclesiae
377 2767 497 2823 interfui
513 2769 543 2821 et
558 2763 729 2837 subscripsi.

104 2860 205 2935 ltigizc
220 2864 292 2914 nutu
310 2857 360 2914 bei
376 2856 496 2912 dntibus
507 2855 599 2925 judex
619 2852 687 2909 huic
713 2850 899 2908 refutationis

68 2948 176 3006 charte
194 2946 322 3003 interfui.

104 3035 282 3094 benedictus
296 3034 415 3090 datibus
427 3033 519 3106 judex
533 3031 564 3088 in
580 3032 634 3088 hac
650 3031 728 3088 brevi
755 3046 898 3086 memora·

68 3125 145 3182 toria
159 3141 267 3181 manus
283 3122 455 3196 subscripsi.

649 236 853 300 narsaeus
872 236 924 300 m
944 202 1181 302 retundere.

59 374 218 434 universali
234 393 326 450 pape,
337 373 408 430 mibi
423 370 596 429 Benedictus
613 368 764 426 scriniario
781 373 888 426 sancte
903 382 932 450 Α

1707 239 1768 305 350

1299 370 1407 430 ntuli.

978 459 1125 499 cancerem
1145 460 1225 498 raris
1243 461 1282 498 vn
1307 460 1449 500 annatim
1469 461 1585 501 cernunt
1605 462 1736 501 eirenen.

1233 533 1326 605 (llnno
1340 534 1483 604 ert-esa.)

947 621 1039 677 Nobili
1053 622 1141 687 Petro,
1151 623 1287 678 Borrimtio
1301 622 1381 687 elicto,
1397 623 1492 678 mititi.
1510 625 1770 696 terrc’qnclbrdeme

984 695 1014 747 in
1028 693 1160 748 ,cribratio
1190 693 1358 749 utereturne·
1373 694 1523 756 recurrite,
1538 712 1587 766 per
1601 696 1770 752 lietduinum

985 787 998 813 «ι
1014 765 1130 820 attolite
1145 767 1173 820 S.
1191 767 1307 820 nitrionis
1323 768 1352 820 in
1361 783 1430 836 papo
1443 783 1525 837 prope
1541 767 1672 832 Gravidam,
1688 769 1768 824 licer-

984 835 1058 889 bcr'nr
1070 836 1343 901 rtictopnounrlrnm11
1361 839 1444 892 irrittit
1455 861 1468 886 «
1484 854 1546 892 curn
1560 840 1687 908 pinnaculi
1695 839 1770 894 betta

985 908 1038 961 tria
1051 907 1167 961 ossicula
1187 909 1234 961 δ’δ’.
1252 906 1414 971 iturrcltinr',
1430 907 1574 963 fdaxicn'ni
1597 917 1622 964 ct
1648 910 1768 977 Quirini,

985 977 1017 1031 ric
1032 978 1130 1048 picibus
1149 977 1291 1048 rtispcnerc
1315 979 1394 1032 licent
1414 995 1463 1049 pre
1484 980 1615 1043 ccelesiis,
1630 997 1691 1033 neci
1703 998 1726 1035 re
1739 981 1767 1035 S.

985 1049 1112 1111 tincturis,
1128 1049 1156 1104 S.
1172 1050 1294 1103 fontenis.
1310 1065 1359 1103 nce
1377 1066 1430 1103 non
1455 1050 1527 1104 areta
1548 1050 1576 1104 S.
1594 998 1770 1106 Ptnralittis

986 1123 1014 1174 iu
1030 1123 1087 1191 ipsa
1103 1122 1210 1176 ciuitate
1226 1120 1372 1175 Gaudent.
1383 1143 1396 1169 ι»

967 1209 1109 1279 (tlcnupcr
1123 1209 1169 1263 <tes
1184 1210 1306 1263 scientes
1318 1208 1351 1263 dc
1367 1209 1393 1263 la
1408 1209 1545 1279 tetrique,
1562 1209 1654 1276 Gand,
1674 1211 1751 1276 1837,

1301 1315 1328 1368 p.
1347 1298 1420 1367 tut.)

986 1386 1043 1441 Nos
1059 1386 1173 1458 insigne
1189 1404 1241 1441 nec
1257 1402 1325 1451 non,
1342 1391 1396 1441 etc.
1415 1385 1515 1450 idue,
1540 1388 1565 1441 si
1586 1388 1683 1458 plant,
1705 1404 1771 1461 opus

949 1474 1100 1531 metatum.

1299 1547 1420 1602 XXl’lil.

985 1652 1174 1692 rnrvrneurua
1194 1652 1344 1691 uensmen
1370 1652 1451 1691 aare
1474 1653 1513 1692 vn
1533 1653 1587 1692 ene
1607 1654 1738 1695 accusata

1279 1724 1448 1764 rruunrrna.

1238 1797 1331 1866 (rinno
1346 1795 1484 1866 ert-esa.)

1048 1883 1176 1952 (llarini,
1192 1886 1290 1958 Papiri
1303 1883 1502 1958 diplomaticbi,
1518 1885 1538 1952 1,
1556 1902 1584 1956 p.
1599 1885 1675 1954 229.)

986 1973 1166 2029 Beseercrus
1182 1973 1336 2046 episcopus
1359 1991 1460 2030 scmus
1484 1991 1634 2029 servornm
1659 1974 1709 2031 Dei
1734 1976 1775 2032 di-

951 2061 1111 2118 lectissimo
1127 2068 1214 2136 atquc
1230 2062 1465 2120 reverentissime
1480 2064 1508 2117 et
1530 2061 1774 2121 excellentissimo

952 2151 1033 2206 fratri
1050 2156 1150 2206 nostro
1165 2152 1281 2217 lunser,
1298 2151 1414 2207 Domini
1428 2149 1524 2223 gratia
1539 2155 1645 2206 sancte
1670 2153 1774 2208 Tibur-

952 2239 1018 2294 tince
1034 2238 1168 2295 Ecclesia
1179 2240 1349 2313 episcopoct
1359 2256 1410 2313 per
1425 2244 1452 2296 tc
1462 2239 1489 2294 in
1507 2241 1774 2298 eodemvenerabiii

952 2329 1109 2402 episcopie,
1126 2329 1243 2401 tuisque
1259 2329 1477 2384 suecessoribus
1494 2329 1721 2402 inperpetuum.

988 2418 1060 2473 Cum
1078 2434 1184 2489 magna
1201 2417 1284 2473 nobis
1301 2417 1498 2473 sollieitudine
1513 2418 1624 2474 insistit
1639 2436 1707 2475 cura
1724 2436 1775 2492 pro

953 2507 1099 2564 universis
1114 2506 1164 2562 Dei
1180 2506 1317 2563 Ecclesiis
1330 2524 1362 2562 ac
1378 2506 1434 2578 piis
1446 2506 1517 2563 locis
1531 2506 1722 2581 vigilandum,
1740 2526 1776 2566 ne

954 2596 1083 2669 aliquam
1096 2594 1430 2666 necessitatisjacturam
1440 2595 1670 2664 sustineant,sed
1681 2598 1776 2671 magis

954 2685 1077 2759 propria
1111 2683 1247 2741 utilitatis
1280 2684 1427 2756 stipendia
1456 2691 1683 2757 consequuntur.
1712 2685 1776 2743 ideo

954 2775 1087 2832 convenit
1103 2792 1155 2830 nos
1171 2772 1309 2847 pastoraii
1325 2777 1386 2829 tota
1401 2772 1507 2829 mentis
1521 2772 1688 2847 integritate
1696 2791 1775 2830 eam·

954 2866 1021 2920 dem
1037 2862 1386 2919 venerabilinmlocorum
1396 2861 1778 2920 marimestabiiitatisinte-

954 2949 1635 3026 gritatcmprceurarcetscduloeornmutiiitati
1645 2951 1778 3008 subsidia

955 3040 1014 3096 illic
1029 3041 1169 3109 conferre,
1187 3045 1219 3096 ut
1246 3040 1304 3097 Deo
1320 3044 1419 3096 nostro
1433 3039 1626 3112 omnipotenti
1650 3038 1679 3094 id
1700 3041 1776 3113 qnod

912 3124 1005 3202 Cpro
1029 3130 1093 3202 ejus
1117 3130 1211 3186 sancti
1235 3129 1362 3184 nominis
1385 3127 1505 3197 honore,
1528 3132 1557 3183 et
1578 3127 1674 3197 lande,
1690 3133 1778 3203 atque

103 3213 228 3288 Sergius
242 3229 340 3269 euntes
354 3210 454 3285 peletii
471 3211 539 3267 huie
550 3208 717 3266 refutatiuni
731 3207 859 3265 intertui·
951 3218 1045 3293 gloria
1056 3218 1120 3290 ejus
1134 3217 1350 3274 venerabilibus
1366 3234 1418 3273 nos
1429 3221 1542 3273 certum
1557 3220 1603 3272 est
1617 3216 1778 3274 contulisse

104 3302 253 3360 &mlius
276 3299 403 3374 infilius
428 3317 526 3356 ⁰⁰ffl⁰⁸
550 3298 710 3356 Tiburtium
736 3295 854 3352 inmitti
869 3299 898 3353 ui
953 3308 1035 3364 lucis.
1051 3308 1153 3380 Sitque
1169 3305 1346 3380 acceptabile
1362 3306 1504 3377 nobisque
1519 3307 1553 3361 ed
1571 3307 1635 3376 ejus
1649 3305 1777 3379 iocuple-

71 3390 248 3465 subscripsi.
952 3396 1068 3453 tissima
1082 3395 1313 3452 misericordiam
1330 3394 1500 3468 hujusmodi
1516 3393 1555 3468 pii
1570 3395 1666 3468 aperis
1681 3396 1777 3452 cenfe-

105 3483 237 3540 loannes
253 3480 282 3535 ln
298 3479 349 3536 Del
365 3478 483 3535 nomine
499 3477 601 3534 consul
617 3480 646 3534 et
666 3477 726 3532 dux
740 3475 809 3531 huic
823 3475 897 3532 relit-
953 3491 1064 3553 rantur,
1080 3485 1197 3541 arcibus
1213 3483 1478 3540 remunerationem
1500 3483 1570 3555 (sic),
1593 3482 1686 3557 Igitur
1709 3485 1779 3557 quia

69 3570 193 3627 tationis
208 3569 315 3625 oberte
332 3568 461 3625 intorfui·
952 3575 1044 3647 petita
1057 3574 1142 3629 nobis
1158 3579 1208 3629 tna
1223 3572 1504 3644 dileetio‚quatenus
1514 3572 1703 3628 concedimus
1711 3572 1776 3640 tibi,

105 3661 166 3732 Ege
193 3657 366 3715 Benedictus
391 3657 441 3713 Dei
470 3657 564 3730 gretie
589 3654 760 3713 uerinierius
788 3658 896 3710 Sancte
952 3661 1418 3735 tuisquesuccessoribusperhee
1434 3664 1567 3715 nestrum
1584 3660 1777 3731 apostolieum

69 3748 210 3804 Romana
225 3745 370 3816 Ecclesiae,
386 3750 415 3802 et
429 3746 554 3819 scriptor
569 3745 668 3816 hujus,
685 3747 751 3816 pest
763 3742 908 3799 emnium.
952 3750 1135 3824 privilegium
1151 3767 1254 3805 carnes
1270 3767 1315 3803 res
1332 3747 1461 3820 praedicti
1487 3749 1614 3821 episcopi
1640 3749 1693 3816 tal,
1710 3748 1779 3820 qnia

66 3835 191 3894 testium
207 3835 453 3908 subscriptionem
469 3840 498 3891 et
513 3835 700 3890 traditionem
717 3831 857 3911 complevi
869 3836 898 3886 et
950 3845 1064 3912 (quarn)
1079 3837 1240 3895 Tiburtinae
1256 3835 1388 3892 Ecclesia
1406 3837 1499 3891 sancti
1516 3836 1624 3893 Christi
1641 3837 1778 3911 martyris

67 3924 191 3984 absolvi.
952 3928 1043 3984 levitae
1060 3925 1219 3994 Laurentii,
1231 3943 1264 3981 eo
1280 3925 1356 3998 quod
1373 3942 1424 3996 per
1439 3923 1647 3997 negligentiam
1658 3929 1777 3982 tuorum

952 4013 1780 4088 antecessorumepiscoporummuniminamuitaperdlta

951 4107 1081 4161 fuerunt.
1100 4103 1232 4159 inclinati
1249 4103 1385 4175 precibus
1408 4102 1467 4158 tuis
1492 4119 1544 4175 pro
1569 4101 1778 4176 omnipotentis

951 4195 1002 4251 Dei
1031 4210 1139 4260 amoro,
1175 4207 1321 4264 suumque
1351 4191 1502 4260 honorem,
1534 4192 1777 4248 restaurationem

952 4283 1094 4355 predicte
1108 4281 1240 4338 Ecclesiae
1261 4281 1471 4337 confirmamus
1495 4281 1548 4335 tibi
1575 4281 1692 4352 tuisque
1715 4297 1778 4336 suc·

951 4370 1118 4428 sessoribus
1134 4386 1237 4425 ornnes
1251 4369 1379 4441 episcopi
1404 4373 1433 4424 et
1455 4372 1577 4424 cunctas
1602 4368 1701 4439 plebes
1724 4382 1776 4421 sou

951 4457 1089 4515 ecclesias
1109 4463 1195 4530 atque
1218 4457 1406 4525 monasteria,
1431 4461 1460 4512 et
1481 4455 1604 4511 diversis
1627 4454 1777 4510 vocabulis

67 4530 235 4587 '‘mm‘'
258 4528 287 4584 ⁸3·
312 4528 407 4584 '¹⁰7²'ae
429 4527 640 4598 Nif'ilm't‘f'il’
655 4531 751 4597 milam
774 4544 788 4572 “
804 4523 897 4579 ‘mxii
913 4493 935 4558 D
950 4563 1018 4602 eum
1041 4545 1178 4603 omnibns
1200 4561 1300 4601 eornm
1346 4543 1510 4600 crtinantiis
1534 4542 1578 4598 vel
1603 4542 1777 4599 ad'accntiis

103 4601 307 4673 cespirttactis
321 4601 445 4672 titiani,
460 4597 646 4655 scneoescdie
665 4595 818 4669 aporema
839 4595 897 4666 dep
969 4635 974 4645 .
1042 4636 1047 4646 .
1182 4634 1230 4672 ³.
1283 4563 1344 4656 ,Ρ
1440 4633 1445 4643 .
1583 4630 1589 4640 .
1638 4558 1651 4641 l
1721 4629 1727 4640 .

103 4672 220 4729 nim-mi
239 4671 371 4735 adnm,
397 4672 497 4728 oum
522 4670 693 4742 immam
716 4683 822 4739 mer
845 4668 897 4722 Au,
951 4639 1024 4734 sitas
1038 4653 1069 4735 in
1085 4639 1151 4734 tcth
1163 4639 1309 4734 tprrrtorro
1330 4635 1497 4732 tyernum),
1511 4635 1684 4686 nominatim
1702 4630 1778 4685 nde-

103 4745 189 4816 quse,
207 4743 306 4799 timim,
319 4744 501 4826 „pomposum
514 4741 598 4813 prm
611 4740 750 4822 Μυρτίῳ
761 4739 898 4822 „piram
953 4723 1022 4780 iicet
1036 4725 1112 4779 infra
1127 4726 1242 4778 crvrtatc
1259 4723 1422 4796 tyburtina
1436 4723 1508 4790 (sce).

103 4833 138 4872 ec
154 4831 250 4870 aecum
267 4815 391 4886 plurime
408 4814 441 4870 dc
462 4822 536 4869 state
554 4819 654 4868 senaa
668 4812 811 4894 reliquens
825 4817 898 4893 trac-
989 4814 1020 4868 id
1031 4812 1331 4884 ostreginnemtetum
1341 4810 1369 4864 in
1379 4810 1526 4881 integrum
1538 4825 1601 4880 que
1612 4805 1777 4879 appellatur

105 4887 193 4942 “mu''
207 4909 222 4936 ''
238 4886 360 4942 mum
374 4909 387 4936 “
403 4895 432 4941 ¹⁸²
446 4885 519 4941 ruem
534 4885 607 4967 ΨΜ
622 4882 793 4965 ‘ahialim‘
814 4898 847 4937 ‘¹⁶
862 4882 896 4936 ιι·
954 4903 1033 4969 Fors,
1050 4907 1079 4957 et
1095 4901 1166 4955 Vicu
1183 4899 1308 4972 patricii,
1318 4902 1347 4953 et
1362 4897 1449 4969 Oripo
1465 4914 1532 4952 eum
1549 4895 1775 4952 ecciesiasaneti

106 4961 209 5014 tiarae
217 4959 382 5084 perfruatur
396 4958 506 5039 petatem
519 4956 589 5039 atre·
600 4961 768 5036 monmtertu
788 4953 896 5036 lstimir
951 4990 1106 5046 Alexandri
1122 4995 1151 5045 ct
1166 4988 1323 5061 aquimolis
1338 5004 1405 5040 cnm
1430 4987 1525 5040 fornia
1549 4985 1670 5057 antiqua
1690 4984 1777 5054 juxta

106 5045 216 5102 quesn
250 5030 330 5084 tutela
346 5045 396 5084 serr
414 5046 448 5084 ue
462 5028 605 5099 preertcpzo
619 5025 815 5083 roborandas
829 5041 897 5097 pnr-
991 5079 996 5089 ,
1074 5078 1078 5089 ,
1322 5076 1327 5086 ,
1458 5073 1463 5083 ,
1562 5073 1567 5083 ,
1711 5071 1717 5083 ,

105 5101 180 5156 titus
195 5046 517 5155 sentocmuaiiiturdio
531 5099 637 5154 ‹tonrtni
658 5099 704 5154 sni
726 5096 897 5169 inqrcrctoris
952 5095 1109 5150 fit¹⁸⁰⁰itltt
1128 5079 1199 5132 “0¹¹¹
1225 5075 1347 5132 0⁰⁰l⁰³¹²²
1371 5078 1465 5128 ⁸³¹¹⁰l¹
1490 5072 1580 5137 i‘iffllb
1604 5078 1633 5128 t't
1659 5089 1776 5145 l⁰tl¹⁰¹¹⁰

108 5173 238 5228 cantentur
259 5188 316 5228 csse
330 5173 458 5245 sabjecta.
476 5197 487 5224 ι
505 5171 657 5242 i'ricitcpie
672 5168 794 5241 qaedam
811 5167 895 5222 addit.
952 5186 1015 5240 qua
1032 5172 1150 5221 cecatur
1166 5163 1307 5220 terniano
1323 5181 1388 5218 enin
1398 5163 1504 5234 gradus
1520 5168 1627 5218 suaset
1641 5178 1777 5218 cunrmn·

954 5249 1773 5326 nibnsadeaspertinentibussibiinvicemcohaerentem,

952 5349 981 5400 ct
1004 5345 1080 5399 inter
1104 5344 1207 5397 aflines
1233 5341 1268 5395 ab
1295 5358 1352 5394 uiro
1374 5339 1461 5395 latere
1487 5339 1568 5394 silice
1592 5338 1709 5411 publica
1725 5336 1775 5409 qui

104 5437 229 5494 Credita
245 5436 465 5510 speculationis,
482 5443 536 5493 etc.
554 5437 668 5508 fictique
682 5434 742 5490 aride
753 5432 825 5505 apud
841 5434 897 5488 tce
952 5433 1102 5490 descendit
1117 5431 1152 5487 ad
1169 5433 1252 5502 porta
1266 5430 1379 5502 majora
1393 5433 1422 5483 et
1438 5429 1567 5500 usquein
1584 5432 1667 5499 perta
1677 5443 1773 5493 scura,

69 5527 163 5584 bium
179 5526 357 5583 collectorem.
952 5538 969 5579 a
985 5520 1111 5577 secundo
1127 5517 1217 5576 latere
1234 5515 1626 5593 murocivitatisprurtinae
1643 5515 1774 5591 usquein

435 4053 531 4110 xxvl.

70 4187 223 4228 effluerem
248 4187 329 4227 PAPAE
351 4187 391 4226 vu
416 4184 605 4226 enrvrtuuwtt
634 4184 689 4224 PRO
717 4184 896 4224 uonnsramo

286 4278 310 4316 S·
333 4277 434 4316 muniit:
457 4274 680 4315 ntenuunuensr.

391 4395 485 4465 (Anno
504 4393 580 4464 98³.)

204 5296 313 5367 (linunt
329 5295 493 5352 Grandlicte
506 5295 688 5364 Ferentium,
711 5293 764 5363 13)
