3900 6090
115 261 173 322 363
580 348 586 357 Ι
653 258 890 322 uenenorum
913 249 1105 321 METENSIS
1127 258 1304 321 llPlSCOPI

257 393 291 450 Et
305 393 353 450 hic
368 398 440 466 erat,
456 393 503 448 hic
519 392 631 450 multus
646 397 674 450 et
688 392 820 462 intimus,
951 398 980 463 Α
1103 392 1233 464 Notaque
1248 390 1339 465 culpa
1355 392 1434 464 quod
1449 398 1560 458 careret

221 485 263 539 Ad
279 500 322 554 es,
337 483 373 540 ad
389 499 484 553 aures,
501 499 550 539 cor
564 497 681 556 quoque
696 481 827 538 Caesaris.
862 552 865 557 ξ
1102 481 1182 548 Quod
1195 481 1253 537 sibi
1270 497 1353 555 spem
1368 483 1458 537 veniae
1472 489 1596 557 pararet

222 572 275 629 Per
289 572 368 628 huno
382 570 515 646 placebat
529 571 579 644 qui
596 569 729 646 placebat
744 588 751 627 ε
1137 570 1210 626 Nam
1225 574 1323 626 vestra
1337 571 1430 628 saneti
1446 578 1735 649 corporemartyres,

222 661 281 718 Hoc
295 661 359 718 sino
372 661 420 717 vix
433 659 541 734 aliquis
555 659 681 716 valebat.
1102 659 1253 726 Quaerebat
1268 660 1358 732 hujus
1372 664 1475 718 sancta
1488 661 1541 718 viri
1557 663 1641 734 fides,

258 751 317 807 llac
332 750 554 823 praeminentem
571 749 789 822 magnificentia
1103 747 1259 805 Translata
1274 748 1471 822 qualicunque
1485 766 1565 820 eura,

222 839 330 896 Omnes
345 839 491 895 honorant
506 837 717 904 munificentia,
1105 836 1140 892 Ut
1155 841 1318 894 reverenter
1334 838 1454 897 haberet
1468 839 1527 896 illa.

222 928 302 984 Facti
319 945 370 1001 per
385 926 468 984 illum
484 927 614 1002 gratiosi,
1139 927 1291 983 Gaudebat
1302 926 1358 983 hoo
1374 929 1445 985 urbs
1461 928 1546 986 Melia
1562 931 1708 1007 episcopo,

223 1016 259 1073 Ui
275 1035 329 1074 sua
343 1021 410 1074 uota
425 1021 534 1090 queant
550 1015 663 1073 mereri.
1104 1016 1211 1071 Fidens
1223 1016 1253 1071 iu
1269 1018 1333 1089 ejus
1349 1017 1484 1090 prasidio
1497 1019 1598 1093 duplo,

260 1107 313 1173 Qui
329 1124 386 1162 non
403 1123 487 1163 avare
503 1107 553 1163 sed
569 1104 694 1179 cupidus
710 1104 756 1177 pic
1104 1104 1217 1161 Pollens
1233 1122 1284 1179 por
1299 1106 1363 1178 ejus
1375 1108 1561 1165 sanctitatem

225 1195 284 1252 lloe
300 1195 432 1270 exigebat
447 1197 525 1270 quod
541 1196 616 1251 toret
631 1192 711 1262 utile,
1104 1195 1238 1267 Tutaque
1253 1211 1305 1267 per
1319 1196 1554 1269 generositatem.

523 1525 870 1618 EPITAPHIUM
902 1525 1147 1613 EVRARDI
1185 1526 1422 1617 COMITIS

738 1713 922 1776 AUC‘lOltll
944 1712 1208 1775 rfleooaulce.

512 1878 571 1958 (Ex
586 1875 749 1955 Sigeberto
764 1876 796 1935 in
811 1874 882 1937 Vita
896 1872 1016 1937 Theed.
1036 1874 1121 1955 apud
1138 1876 1224 1936 Perta
1240 1874 1294 1936 ubi
1310 1877 1433 1956 supra.)

155 2173 237 2229 Anno
249 2169 406 2228 Dominicae
420 2171 690 2229 incarnationis978
700 2171 876 2227 Deodericus
891 2172 945 2228 hu·
960 2173 983 2238 Β
1034 2171 1092 2227 Hae
1108 2171 1208 2244 requie
1223 2171 1316 2241 latus,
1333 2171 1468 2244 lucisque
1483 2170 1628 2229 levamine
1643 2171 1747 2238 fretus,

121 2261 201 2319 milis
215 2261 376 2335 presul,ab
391 2262 465 2335 ipsis
480 2260 632 2335 parietinis
643 2261 732 2333 hujus
747 2259 802 2317 loci
818 2265 947 2317 constru-
1073 2260 1217 2316 livrardus
1233 2265 1359 2328 maneat,
1378 2277 1494 2317 eernere
1510 2277 1567 2333 quo
1583 2258 1677 2316 valeat

121 2358 192 2420 otor,
209 2350 256 2424 pio
271 2351 369 2408 studio
384 2349 562 2409 Euerardum
583 2349 753 2408 fratruelem
768 2349 835 2417 sibi,
851 2349 945 2423 quoad
1038 2348 1145 2423 Regem
1160 2353 1341 2424 regnantem,
1357 2355 1532 2424 regnantum
1555 2365 1644 2423 regua
1667 2353 1828 2424 regentem,

119 2439 214 2498 rivers
228 2440 331 2500 datum
347 2443 392 2498 est
415 2437 536 2502 unicum
562 2454 702 2513 emerem,
719 2438 886 2501 orthodoxis
902 2453 945 2494 re·
1072 2437 1232 2511 Christum,
1248 2454 1336 2512 quem
1349 2438 1449 2509 coluit,
1465 2440 1559 2495 vivere
1575 2438 1647 2497 dum
1663 2439 1772 2512 potuit.

119 2528 218 2602 giique
233 2527 386 2603 sauguinis
401 2527 573 2603 parentibus
589 2527 857 2601 aerumnosaque
868 2543 947 2601 egre·
1037 2527 1063 2582 ls
1078 2544 1150 2600 puer
1165 2527 1289 2603 insignis
1303 2526 1446 2586 viventem
1464 2528 1532 2585 llere
1548 2526 1686 2585 decennis

118 2616 167 2692 gie
181 2615 279 2673 indole
292 2615 414 2690 puerilis
424 2618 523 2691 gratia
535 2617 796 2691 repromittentem,
805 2633 838 2674 ae
852 2621 945 2674 semet
1071 2616 1185 2673 Orneus
1198 2616 1348 2674 mundicia
1361 2633 1484 2690 queque
1499 2617 1546 2674 sui
1560 2615 1670 2686 studia,

119 2705 198 2778 genti
210 2705 368 2779 patrieque
384 2723 444 2762 sua
459 2707 489 2761 in
500 2723 583 2781 spem
599 2705 757 2763 maalmam
768 2706 805 2762 ab
816 2705 888 2778 ipsis
898 2722 946 2761 cu·
1036 2704 1166 2760 Transiit
1181 2721 1196 2761 e
1209 2706 1319 2761 mundo
1334 2705 1516 2777 Septembris
1531 2706 1592 2761 solo
1607 2705 1750 2762 seeundo.

119 2794 165 2855 nis
180 2793 259 2850 dulei
274 2795 378 2851 ellectu
395 2796 563 2868 educatum,
580 2795 739 2851 immatura
755 2794 826 2850 falce
843 2793 945 2850 mortis
1072 2794 1173 2849 Lector
1187 2794 1233 2849 dic
1249 2796 1386 2851 tandem:
1405 2794 1477 2851 Pace
1492 2794 1644 2867 quiesentl
1660 2809 1760 2850 umen.

118 2883 237 2940 vixdum
253 2884 412 2940 decennem
428 2884 589 2954 abscisum,
605 2884 687 2941 luctu
703 2883 797 2957 plebis
812 2888 944 2956 patrum·

119 2990 175 3045 que
189 2973 347 3029 immodico
371 2974 493 3030 charum
517 2974 625 3048 pignus
648 2973 722 3030 silici
743 2974 799 3029 sub
816 2972 946 3028 humanu

120 3065 198 3119 ⁸⁰lf⁰
213 3079 240 3116 Ν
256 3063 329 3125 Non.
346 3062 528 3134 Septembris
544 3061 703 3118 ffiflssdflll'i·
1036 3079 1187 3135 Clauditur
1202 3080 1256 3136 hac
1272 3081 1373 3137 tumba
1389 3081 1501 3154 pridem
1517 3081 1579 3137 siue
1594 3080 1660 3138 selle
1677 3079 1828 3150 columba,

405 3203 659 3277 nonoan.
1036 3168 1345 3316 52¹11⁰st¹lldlt⁸ilit
1360 3169 1685 3317 titillatio

158 3347 220 3404 Non
237 3350 282 3403 est
296 3347 459 3419 dampnosa
473 3361 552 3403 mers
563 3346 649 3418 justi,
666 3352 711 3403 set
725 3348 866 3420 preciosa,
1073 3273 1217 3417 Pbbsulis,
1234 3277 1471 3423 ebneujusglratro
1487 3349 1542 3406 luit
1557 3349 1685 3424 genitus.

191 3438 265 3492 Ante
279 3435 330 3491 Dei
345 3434 448 3492 faciem
463 3451 579 3509 semper
593 3435 727 3492 babendo
743 3437 831 3494 diem.
1036 3435 1169 3493 Crastina
1184 3439 1363 3511 Septembris
1374 3439 1424 3496 lux
1435 3438 1658 3496 hisluituttima
1672 3438 1825 3497 membris.

158 3525 222 3599 Ipse
237 3525 300 3582 dies
315 3523 430 3599 plenus,
447 3524 555 3581 lueenti
572 3523 631 3582 sele
647 3542 778 3595 serenus,
963 3539 985 3607 g
1072 3526 1185 3584 Christe
1201 3531 1282 3584 tuam
1295 3529 1425 3602 requiem
1441 3529 1479 3585 da
1493 3527 1549 3585 sibi
1565 3532 1652 3601 teque
1666 3527 1764 3586 diem!

192 3615 243 3673 Est
257 3614 321 3673 sine
335 3617 420 3673 necte
434 3613 496 3674 dies
511 3620 540 3674 et
555 3615 618 3673 sine
632 3615 689 3673 fine
703 3615 797 3688 quies.

1083 2935 1148 2992 liena
1162 2937 1330 3010 epimpbium
1344 2937 1464 3011 ejusdem
1480 2939 1586 2994 cernitis
1600 2905 1743 2993 demarati.

641 3937 915 4054 INVENTIO
948 3935 1297 4056 saltrenen

198 4146 226 4204 Α
241 4143 347 4205 domno
365 4142 539 4206 Theoderico
553 4146 687 4227 episcopo
701 4145 827 4208 Metenei
840 4156 1025 4228 repertorum
1039 4154 1127 4227 etque
1141 4145 1182 4208 ed
1194 4146 1343 4207 er'uitetem
1356 4144 1512 4207 atteiensem
1529 4144 1745 4207 translatorum

593 4305 696 4385 (Apud
710 4305 878 4369 acherium
894 4307 1003 4389 Spieil.
1020 4313 1082 4368 vet.
1100 4307 1174 4370 edit.
1192 4313 1268 4369 tom.
1287 4307 1351 4389 lv.)

151 4605 235 4659 Anno
251 4600 461 4659 iucarnationis
477 4602 633 4658 Dominirae
646 4605 698 4657 ste
714 4620 819 4678 magno
837 4609 864 4662 et
879 4605 939 4679 glo·
959 4607 983 4672 Ι)
1000 4605 1131 4662 Palatino
1146 4604 1306 4678 agebantur
1322 4604 1436 4677 negotia
1449 4622 1455 4671 ;
1468 4603 1498 4658 in
1512 4604 1613 4660 eadem
1629 4603 1825 4681 ltalicaexpe·

117 4691 280 4748 riesissimo
296 4691 406 4748 Caesare
429 4693 561 4765 Augusto
584 4693 697 4758 Ottone,
713 4709 781 4748 enm
797 4696 942 4767 aequivoco
997 4694 1108 4750 ditione
1124 4693 1311 4760 constitutus,
1319 4691 1348 4747 in
1358 4691 1583 4764 quatriennium
1594 4694 1653 4750 lere
1669 4693 1822 4764 militamt,

117 4799 170 4838 suo
186 4780 368 4838 admirabilis
384 4780 491 4838 indolis
507 4781 692 4837 adoloscmrtc
708 4781 766 4836 filio
788 4800 869 4855 mque
884 4786 941 4840 Au·
996 4783 1067 4838 dum
1084 4770 1180 4838 divino
1196 4781 1339 4854 praecipue
1354 4780 1433 4835 cultu
1450 4780 1576 4849 deditus,
1589 4783 1760 4855 quaquead
1772 4783 1824 4841 he·

117 4875 214 4945 gusto,
230 4870 378 4943 simulque
394 4870 722 4944 magnarumvirtutum
739 4873 942 4944 conjugeAde·
997 4887 1097 4928 norem
1114 4872 1306 4943 decoremque
1330 4887 1381 4926 seu
1407 4870 1624 4926 munimentum
1640 4888 1700 4927 sure
1715 4876 1824 4929 sancta

116 4959 223 5029 lheide,
240 4977 299 5032 qua
313 4959 386 5015 nihil
403 4977 534 5032 unquam
544 4959 666 5031 justius,
680 4961 942 5034 mansuetius,pru·
996 4960 1085 5028 sedis,
1102 4960 1236 5016 certatim
1250 4958 1425 5032 exquireret,
1442 4963 1470 5014 et
1485 4959 1643 5016 efficaciter
1666 4961 1744 5018 votis
1759 4961 1825 5034 ejus

117 5049 244 5118 dontius,
262 5065 314 5105 neo
330 5049 424 5123 magis
440 5050 522 5122 pium
532 5050 693 5122 quidquam
704 5051 941 5123 petuitesse,lta·
996 5053 1470 5121 cunctasuppeterent,corporum
1481 5052 1651 5104 sanctorum
1663 5049 1825 5106 maximam

115 5135 161 5192 lia
177 5142 292 5210 secptra
307 5137 355 5210 pio
375 5138 517 5211 justoque
545 5137 745 5195 moderamine
773 5138 893 5212 pacifice
908 5155 941 5195 ae
995 5138 1110 5211 copiam
1136 5154 1170 5192 ex
1193 5136 1316 5193 diversis
1341 5135 1428 5193 ltaliae
1454 5136 1536 5205 locis,
1552 5136 1652 5193 divina
1676 5153 1708 5195 se
1729 5139 1827 5212 gratia

116 5223 209 5280 solide
221 5243 313 5298 usque
324 5225 353 5280 in
365 5226 437 5282 linos
448 5226 588 5283 Calabriae
602 5227 846 5300 gubernantibus,
858 5227 940 5283 dom·
996 5227 1163 5299 adjurante,
1179 5225 1343 5296 collectam,
1359 5226 1447 5299 digno
1462 5242 1493 5282 se
1508 5225 1589 5282 cultu
1605 5230 1695 5299 atque
1714 5225 1827 5284 honore

116 5331 172 5368 nus
186 5313 359 5372 venerabilis
376 5318 482 5369 sanctae
498 5315 584 5371 blatis
599 5315 754 5389 episcopus
782 5315 941 5372 Theoderi-
996 5315 1064 5371 alibi
1081 5316 1266 5389 praestantius
1277 5313 1553 5383 veneranda,eidem
1565 5332 1624 5371 sua
1640 5319 1752 5372 sancta
1762 5315 1825 5373 sedi

116 5418 178 5472 cus,
196 5404 251 5475 ipsi
266 5401 422 5476 magnifico
436 5401 604 5474 imperatori
619 5404 762 5479 sanguine
772 5422 805 5461 ao
816 5405 942 5461 miradi-
996 5406 1117 5461 Metensi
1134 5405 1268 5461 invehere
1283 5404 1406 5462 studuit.

114 5489 238 5548 lectione
262 5498 350 5565 atque
371 5489 570 5548 familiaritate
594 5495 780 5566 conjunctus,
797 5495 941 5569 cujusque
1269 5495 1307 5551 De
1320 5503 1412 5552 sancte
1426 5494 1544 5568 Elpidio.

116 5579 252 5638 consultu
274 5598 326 5654 pro
350 5581 425 5637 mira
447 5576 596 5652 sapientia
622 5583 821 5656 prerogativa,
835 5588 942 5642 euecta
1030 5584 1139 5642 Herum
1155 5584 1284 5657 primum
1299 5589 1435 5643 sanetum
1449 5588 1479 5642 et
1492 5583 1690 5643 venerabilem
1712 5583 1824 5645 Christi
