3900 6090
127 288 205 366 lou

161 496 354 573 congratulor
367 498 424 554 tua
437 412 680 564 nigiiiffiurinda
692 491 717 549 si
733 491 805 566 quid
821 491 954 566 experior

126 594 275 662 emergere
283 587 360 660 qued
368 588 420 662 tuo
431 583 593 658 potentatui
602 583 717 642 videtur
725 585 827 640 eontra
836 580 953 651 luctari,

127 695 186 738 nen
200 675 311 747 occulo,
323 676 373 735 sed
389 673 548 749 impatiens
562 690 650 731 mera
665 671 791 746 protare.

458 787 615 832 inerrans.
632 791 634 795 ’

161 868 197 925 dt
215 864 329 935 merito,
346 882 382 925 ne
396 881 465 923 reus
488 863 652 938 malestatis
677 878 741 921 osse
765 861 910 937 arguaris,
929 861 953 918 si

126 973 186 1015 non
200 946 324 1014 celanda
336 946 485 1012 celaveris.

455 1058 629 1100 innocuus.

163 1134 339 1208 Huujusmedi
355 1131 513 1191 commisso
538 1136 636 1189 reatus
658 1147 812 1204 nunquam
837 1132 878 1188 sui
904 1132 955 1188 ob-

128 1225 243 1285 noxius.
471 1306 474 1311 Ι

464 1318 620 1368 acaunus.

163 1401 298 1473 idemlnl3
314 1402 366 1460 sed
381 1399 480 1476 proter
492 1397 518 1457 si
535 1398 605 1474 quid
621 1399 698 1458 scias
712 1398 790 1457 unul.

455 1510 627 1556 amoenos.

161 1584 300 1660 Qirmisin
315 1591 427 1648 adum
447 1588 555 1646 muller
576 1588 653 1646 bano
672 1586 776 1646 urbam
798 1602 893 1663 nuper
914 1589 958 1646 in·

125 1679 214 1739 travit
228 1676 369 1737 comitato
381 1677 494 1754 proprii
510 1678 587 1736 letus
601 1672 727 1752 pusiolis
741 1679 848 1736 tribus.

397 1852 400 1857 Ι
462 1791 618 1835 sorranus.

161 1868 255 1942 Goulos
269 1882 357 1926 sexus
370 1869 443 1925 sunt
457 1866 589 1942 pusioli?

454 1980 626 2022 amoenus.

162 2056 271 2116 Omnes
286 2053 417 2114 isminoi.

463 2158 619 2204 inarasse.

162 2231 492 2310 succenturiatorum
501 2235 643 2292 adventus
653 2232 894 2292 muliercularum
904 2232 955 2290 ali·

126 2325 206 2401 wod
220 2323 387 2400 reipublice
401 2324 545 2383 adduooro
560 2323 667 2398 poterit
680 2323 918 2383 detrimentem?

455 2428 626 2480 amaedeus.

163 2514 370 2589 Permagnam.

461 2616 617 2661 assisam.

164 2692 271 2765 Quodt

453 2794 625 2840 urrrrccuos.

161 2872 246 2933 Pacis
260 2866 418 2932 delectum.

459 2974 616 3019 asarinus.

160 3056 222 3124 Quo
238 3051 346 3127 pectet

452 3153 622 3196 umrecnus.

158 3231 195 3288 ilt
209 3230 283 3304 qnid
293 3227 497 3305 magispotest
508 3243 645 3301 rumpere
659 3226 753 3285 civilis
763 3228 950 3286 concordiam
964 3155 987 3225 c

124 3316 207 3394 pacis
222 3332 312 3391 quam
326 3315 511 3375 dissonantia
525 3314 760 3373 observationis?

159 3503 237 3563 Nihil
252 3503 380 3580 modus,
396 3427 622 3572 nibiirdiiiiitit,
636 3490 714 3574 duod
731 3505 856 3560 testatur
869 3504 949 3563 erbis

124 3595 284 3663 maranus,
292 3591 342 3668 qui
353 3592 484 3665 undique
492 3608 577 3649 secus
585 3590 756 3650 Christiane
764 3591 854 3652 cadis
863 3595 949 3653 sorde

122 3687 168 3743 est
179 3683 316 3742 iniectus.

449 3785 622 3828 samosatis.

157 3862 223 3922 llaec
238 3861 328 3937 igitar
347 3860 466 3930 lomina,
481 3861 567 3933 eujus
586 3860 765 3919 mentionem
780 3861 864 3934 lucio,
879 3860 947 3921 iror-

121 3956 202 4012 tatur
215 3953 361 4010 nostrates
376 3949 469 4008 avitos
487 3949 561 4007 ritus
578 3953 712 4009 descrere
729 3955 758 4010 et
776 3951 947 4013 Christiana

120 4040 255 4117 religioni
270 4052 302 4099 se
315 4039 430 4098 dedere.

458 4145 612 4187 scauros.

156 4218 234 4278 lium
249 4216 386 4293 prwalet
398 4217 644 4276 hortamentum?

445 4320 616 4374 sdriocuus.

526 294 791 362 saorsarrsls
811 294 1004 359 moriame
1025 280 1432 358 cuunnesunrunasrs.

1334 399 1450 458 sceda
1468 399 1504 457 ll.

1335 505 1505 547 uarrocuus.

1045 578 1119 644 Ouid
1135 578 1258 648 vocaris,
1275 595 1291 635 a
1308 577 1414 634 mulier
1429 576 1563 633 advena?

1344 683 1501 724 sunrnurnu.

1046 756 1203 831 snpientia.

1340 862 1509 904 uarrocuus.

1046 937 1206 1010 imperator
1220 937 1368 994 Adrianus
1388 936 1480 1009 jussit
1495 939 1524 993 te
1534 935 1564 992 in
1580 935 1694 1009 palatio
1720 952 1845 1009 presen-

1009 1025 1065 1083 tari
1081 1024 1143 1083 suis
1155 1024 1374 1100 conspectibus.

1343 1131 1502 1176 saranum.

1046 1204 1189 1263 Palatium
1204 1221 1272 1262 cunr
1297 1203 1387 1262 nobili
1411 1204 1538 1262 filiarum
1560 1204 1707 1264 comitatu
1735 1205 1845 1262 intrare

1010 1311 1069 1352 non
1083 1284 1208 1368 trepido,
1224 1298 1253 1352 et
1267 1294 1412 1352 minacem
1427 1293 1614 1369 imperatoris
1626 1293 1748 1353 vultum
1765 1312 1845 1354 com·

1011 1378 1111 1441 minus
1125 1383 1256 1458 aspicere
1272 1375 1322 1442 aa
1336 1400 1396 1442 non
1409 1383 1545 1442 formido.

1340 1489 1509 1535 coriaceus.

1046 1562 1176 1620 Invisum
1187 1576 1281 1636 genus
1291 1561 1531 1620 Christicolarum
1542 1579 1662 1636 semper
1671 1567 1845 1638 promptum

1010 1656 1056 1711 eat
1070 1649 1254 1726 principibus
1268 1653 1304 1709 ad
1320 1648 1529 1709 resistendum.
1550 1647 1553 1655 '

1344 1758 1503 1799 surranum.

1046 1820 1184 1906 Princeps
1202 1829 1413 1902 universitatis,
1429 1831 1480 1905 qui
1500 1831 1594 1890 nescit
1608 1831 1701 1903 vinci,
1717 1850 1781 1890 non
1799 1851 1846 1909 pa·

1008 1921 1082 1978 titur
1096 1938 1165 1979 sues
1181 1914 1217 1979 ab
1232 1914 1317 1979 hos'tc
1329 1918 1473 1995 superari.

1335 2026 1507 2068 arrrocuus.

1045 2099 1146 2176 Mitiga
1167 2099 1348 2159 effluentiam
1364 2100 1531 2171 verborum,
1547 2104 1576 2158 et
1596 2116 1688 2177 perge
1702 2102 1739 2160 ad
1762 2101 1843 2177 pala·

1008 2188 1093 2249 tium.
1622 2266 1625 2270 Α

1341 2296 1501 2342 cuninam.

1044 2370 1175 2427 Monstra
1197 2370 1274 2427 viam
1300 2370 1470 2444 praeeundo,
1487 2386 1542 2429 nos
1564 2370 1786 2445 subsequimur
1801 2389 1844 2431 ae·

1008 2458 1172 2519 celerando.

1329 2548 1444 2606 SCENA
1463 2548 1513 2607 111.

1334 2651 1506 2696 arrrrocncs.

1042 2726 1094 2786 Hie
1108 2727 1171 2801 ipsc
1186 2732 1231 2785 eet
1246 2728 1414 2802 imperator,
1425 2743 1513 2801 quem
1526 2726 1557 2783 in
1570 2726 1647 2785 solio
1661 2729 1839 2789 residentem

1006 2817 1167 2892 conspicis;
1183 2817 1340 2891 praecogita
1354 2816 1423 2891 quid
1441 2816 1581 2889 loquaris.

1339 2923 1495 2964 sarisam.

1041 2995 1100 3053 Hoc
1115 2995 1250 3070 prohibet
1264 2994 1371 3053 Christi
1387 2994 1541 3065 sententie,
1556 2996 1736 3070 promittens
1753 2999 1836 3057 nabis

1006 3084 1214 3160 insuperabilis
1230 3085 1378 3160 sapientia
1394 3087 1480 3141 dona.

1041 3252 1044 3257 Ι
1341 3191 1496 3233 snaruuoa.

1040 3267 1102 3324 lluc
1122 3267 1201 3336 ades,
1216 3263 1367 3322 Antioche.

1331 3367 1503 3412 aurrccuss.

1040 3447 1146 3505 Praete
1161 3461 1240 3515 sum,
1256 3443 1383 3502 demine.

1239 3547 1245 3554 ·
1339 3549 1493 3590 soniarius.

1038 3616 1190 3699 Numquid
1209 3624 1254 3681 be
1267 3624 1350 3696 :sunt
1372 3620 1562 3689 muliercula,
1579 3638 1657 3695 quas
1681 3624 1832 3683 delerebas

997 3714 1055 3789 'plo
1070 3706 1236 3773 Christiana
1252 3711 1415 3786 religione?

1328 3817 1498 3860 ANTIOCBUS.

1037 3896 1113 3953 Sunt
1127 3893 1221 3968 plane.

1336 3995 1491 4037 unaraaus.

1035 4070 1275 4145 uniuscujusque
1298 4059 1547 4144 pulchritudinem
1572 4068 1767 4143 obstupesco,
1783 4073 1831 4130 sed

1001 4167 1030 4224 et
1043 4164 1227 4222 honestatem
1241 4160 1360 4219 habitus
1375 4158 1448 4217 satis
1463 4157 1602 4215 admirari
1617 4176 1748 4233 nequeo.

1327 4264 1497 4307 amoenus.

1035 4342 1151 4412 Desino,
1168 4359 1184 4400 o
1200 4338 1241 4399 mi
1256 4336 1531 4415 seniorssadmirari,
1546 4342 1575 4396 el
1588 4353 1662 4413 coge
1679 4339 1748 4400 illas
1764 4343 1830 4401 deos

154 4400 297 4468 Nimium.
312 4395 387 4466 liam
411 4407 517 4464 nostro
532 4406 672 4483 conjuges
696 4408 871 4468 fastidiendo
891 4429 946 4470 nos
1000 4431 1142 4493 venerari·

119 4495 312 4560 contemnunt
327 4486 409 4565 adeo,
426 4498 459 4552 ut
474 4489 668 4570 dedignentur
683 4498 836 4558 nobiseum
852 4517 984 4601 comen

118 4590 197 4659 dere,
214 4591 324 4661 quanto
339 4585 440 4644 minus
454 4585 593 4643 dormire.

454 4699 609 4742 usmarus.

153 4775 265 4845 Fateor,
285 4773 462 4850 parlculum.

444 4878 616 4923 nnmocsus.
632 4866 638 4877 ¹

151 4955 240 5014 Decet
251 4952 295 5011 tul
309 4969 465 5029 personam
480 4970 652 5028 praecavere.

452 5069 609 5110 annianus.

149 5134 351 5216 chmquens.
367 5141 541 5211 advocetur,
564 5141 648 5199 etin
672 5143 765 5201 nostri
788 5144 943 5218 prasentia

114 5248 153 5290 an
167 5231 237 5290 uelit
251 5232 353 5289 cedere
367 5226 555 5288 discutiatur.

440 5330 613 5387 moesus.

149 5414 215 5476 vln'
229 5434 277 5477 ma
290 5414 373 5478 illam
387 5417 552 5477 advocaret

450 5523 606 5565 sorranus.

149 5593 220 5653 Volo
235 5601 375 5670 percerte.

1333 4534 1490 4577 acaunus.

1034 4613 1108 4682 Quid
1124 4613 1148 4670 si
1164 4611 1238 4668 illas
1252 4610 1378 4685 primule
1400 4608 1554 4682 aggrediar
1579 4609 1693 4668 blanda
1718 4609 1827 4699 allocu-

999 4704 1088 4774 tione,
1104 4704 1129 4761 ei
1144 4701 1219 4759 iorto
1232 4700 1323 4759 velint
1337 4699 1463 4757 cederet

1325 4804 1495 4846 audientius.

1034 4862 1139 4942 illelius
1152 4884 1207 4940 est.
1220 4880 1295 4937 Nam
1310 4877 1454 4954 fragilitas
1470 4893 1558 4935 sexus
1573 4875 1696 4935 feminei
1711 4877 1825 4936 facilius

997 4975 1094 5046 potest
1106 4968 1319 5028 blandimentis
1333 4966 1452 5024 molliri.

1333 5073 1489 5115 sensurias.

1032 5150 1158 5209 illustris
1173 5151 1316 5217 matrona,
1331 5147 1439 5205 blande
1458 5144 1487 5205 et
1508 5146 1606 5220 quiete
1622 5147 1662 5205 ad
1678 5147 1823 5205 culturam
1843 5188 1850 5201 .

996 5243 1117 5301 deorum
1132 5243 1160 5297 te
1172 5237 1273 5308 invito,
1290 5240 1361 5310 quo.
1372 5241 1473 5295 nostra
1490 5236 1600 5310 perlrui
1624 5237 1726 5312 possis
1751 5238 1822 5296 ami·

996 5328 1075 5390 cilia.

1326 5431 1484 5474 samsaru.

1030 5507 1087 5566 Nec
1104 5508 1133 5563 in
1149 5504 1263 5564 cultura
1279 5506 1400 5564 deorum
1414 5505 1474 5564 tuis
1487 5505 1562 5565 votis
1577 5504 1761 5581 satisfacere,
1771 5518 1820 5567 nse

996 5597 1156 5659 amicitiam
1171 5596 1263 5670 gestio
1278 5596 1362 5654 lnire.
