3900 6090
125 257 202 331 icas
415 230 418 236 ’
525 259 789 324 naorsnivaa
809 250 1424 321 aoa1au1soanounsaa1uuns1s.
1753 256 1830 317 reat

122 390 196 450 tlcni
212 391 303 460 dedit,
319 393 370 449 scd
386 391 475 449 etlam
491 392 590 466 plures
606 409 705 449 secum
732 392 767 449 ud
793 389 946 448 interitum
961 386 990 458 Α
1003 391 1050 444 tra
1074 403 1121 445 me
1145 387 1278 447 dicebam
1295 407 1302 446 ι
1318 390 1384 447 llaec
1408 392 1501 467 gloria
1515 390 1625 450 nemini
1647 389 1748 465 magis
1762 406 1832 447 con·

122 480 240 538 trahere
255 480 416 539 consucvit.
1002 477 1082 550 gruit
1096 494 1185 551 quam
1201 479 1279 536 Patri
1295 484 1324 538 et
1338 481 1457 539 domino
1474 498 1539 538 mco
1553 480 1695 539 Antonio.

456 587 611 628 auronius.
1337 585 1491 628 auronius.

160 658 239 718 licut
256 659 400 735 gemenda
414 659 616 718 consuetudo!
1040 655 1103 714 Tali
1119 672 1166 714 me
1181 675 1239 715 uon
1256 658 1361 734 dignor
1376 661 1565 719 beatitudins.

439 774 633 815 raraanrrns.
1357 766 1479 809 vanans.

161 847 240 902 ilaue
254 844 309 901 sub
324 845 421 919 specie
444 846 586 904 amatoris
612 846 681 915 adii,
698 852 728 903 et
748 845 948 903 lascivientem
1040 838 1100 903 Quo
1116 835 1193 893 dicio
1209 837 1337 926 intonuit
1350 855 1405 895 vox
1420 837 1519 895 divina
1532 839 1633 896 dicens
1651 855 1657 893 τ
1677 861 1693 889 «
1710 839 1787 905 Non,
1806 843 1839 895 ut

125 934 250 992 nimium
274 951 354 992 nunc
378 935 518 992 suavibus
547 935 743 993 hortamentis
770 934 949 993 blandiendo
1004 940 1115 998 Speras,
1130 927 1266 999 Antonio,
1283 927 1334 984 sed
1349 926 1453 984 Thaidi
1469 928 1615 985 meretrici
1627 929 1779 986 servanda
1793 933 1839 987 est

25 1057 28 1061 ‚
124 1024 301 1093 mulcebam,
317 1040 395 1081 nunc
411 1024 573 1082 acrioribus
588 1025 707 1083 monitis
723 1025 887 1082 minitando
896 1029 950 1082 tor·
1005 1013 1065 1071 hoec
1080 1015 1182 1090 gloria·
1199 1037 1213 1067 a

126 1113 239 1172 rabam.
1320 1121 1511 1164 rarsaurrus.

463 1220 614 1262 apponius,
1040 1193 1117 1252 Laus
1131 1194 1280 1252 dulcedini
1295 1199 1363 1265 tuas,
1379 1195 1504 1266 Christe,
1512 1196 1597 1255 unice
1612 1196 1767 1271 Dei,quod
1779 1197 1838 1253 mei

162 1293 221 1350 lion
234 1296 500 1367 temperamentum
517 1296 582 1367 ejus
599 1294 649 1351 M
673 1293 797 1350 lascivia
822 1276 877 1350 tint
900 1312 950 1353 ue·
1004 1281 1156 1341 llissilllssffl
1171 1287 1231 1341 lam
1248 1284 1295 1358 pie
1311 1283 1447 1359 dignatus
1464 1302 1495 1342 ⁰⁸
1511 1285 1665 1344 ⁰⁰fl⁸⁰¹ffl0

127 1382 300 1442 cessarium.
1339 1398 1491 1440 ennomus.

441 1488 632 1531 amasenus.
1040 1470 1152 1544 Dignus
1167 1475 1210 1529 est
1223 1471 1348 1529 laudari.

161 1562 292 1622 Tandem
307 1561 404 1632 cessit,
422 1567 451 1620 et
464 1567 563 1637 spreta
578 1562 801 1636 reprehensibili
827 1578 951 1621 consue·
1322 1585 1515 1628 pangamus,

126 1653 229 1712 tudina
244 1652 410 1720 castitatem
433 1652 529 1727 eleg't,
546 1667 669 1725 seseque
684 1652 714 1708 in
739 1652 952 1727 angustissima
1041 1659 1102 1727 Ibo,
1117 1663 1145 1716 et
1160 1660 1216 1716 mai
1233 1659 1378 1734 captivam
1390 1658 1526 1717 visitabo.

127 1741 231 1802 cellula
246 1740 381 1799 concludi
397 1742 556 1799 consensit.
967 1761 993 1826 B
1339 1765 1494 1806 sanamus.

461 1855 614 1897 caremus.
1042 1838 1170 1911 Tempus
1194 1843 1239 1894 cst
1261 1843 1294 1894 ut
1318 1838 1361 1895 illi
1386 1842 1414 1895 ot
1436 1854 1518 1911 spem
1533 1839 1623 1896 veniae
1645 1845 1675 1897 ct
1702 1839 1839 1898 solamen

162 1929 295 1988 Delector
310 1928 456 1986 audiendo
473 1930 502 1984 in
517 1932 645 1998 tantum,
661 1934 696 1986 ut
708 1942 811 1987 omnes
826 1945 949 2003 precor·
1005 1925 1159 2000 promittas
1173 1926 1364 1985 beatitudinis
1380 1932 1503 1983 aterna.

127 2019 243 2078 diorum
258 2034 338 2076 vena
352 2018 531 2075 intrinsecus
547 2016 684 2075 exsiliant
697 2019 862 2092 gaudendo.
1320 2035 1434 2092 gggNA
1455 2035 1513 2093 gn,

442 2131 633 2174 parenorius.
1320 2140 1512 2182 annuntiatus.

162 2208 250 2266 Decet
262 2206 305 2263 tui
321 2205 526 2275 sanctitatem3
543 2210 573 2263 et
587 2221 640 2280 ogo
662 2206 791 2279 quidem,
808 2207 877 2263 licat
900 2224 949 2264 su·
1040 2212 1140 2281 Thais,
1155 2228 1221 2270 mea
1236 2213 1373 2288 adoptiva
1388 2214 1459 2284 iilia,
1474 2214 1553 2288 apori
1569 2214 1743 2285 fenestram,
1760 2219 1796 2272 ut
1810 2219 1838 2274 aa

126 2314 180 2374 pra
194 2296 315 2355 modum
330 2296 474 2370 gaudeam
490 2297 526 2351 ds
540 2294 739 2363 conversione,
755 2312 817 2353 noa
835 2295 890 2352 levi
904 2301 949 2354 ta·
1003 2301 1128 2360 videam,

126 2404 194 2446 men
210 2385 368 2443 conturber
381 2383 587 2452 sollicitudine,
603 2401 637 2442 eo
659 2385 738 2458 qued
761 2402 862 2442 vereor
885 2387 949 2459 ejus
1370 2409 1464 2450 anans.

125 2474 354 2537 teneritudinem
369 2489 444 2548 egre
459 2474 534 2531 serre
549 2473 698 2531 diutinum
712 2474 852 2531 laborem.
1040 2480 1111 2548 Quis
1125 2479 1280 2554 loquitur?

459 2588 613 2631 auronius.
1320 2585 1512 2628 racusanus.
1577 2622 1580 2628 .

161 2665 216 2725 Ubi
231 2666 315 2725 adest
328 2677 397 2721 vcra
411 2659 537 2730 dilectio,
554 2679 613 2719 non
637 2663 719 2721 deest
741 2663 791 2737 pia
813 2681 949 2738 compas-
1041 2657 1223 2732 Papbuutius
1239 2659 1324 2717 Pater
1338 2664 1418 2717 tuus.

125 2773 178 2816 βω·
440 2857 631 2901 rarsnnmns.
1040 2844 1123 2903 Unde
1146 2846 1219 2903 mihi
1240 2775 1491 2919 iucundiiiiilsdb
1507 2851 1596 2905 tanta
1613 2847 1735 2919 latitia,
1752 2856 1789 2907 ut
1803 2854 1835 2908 tu

161 2935 243 2993 Unde
256 2938 338 2991 tuam
354 2930 541 2990 dilectionem
557 2931 736 3005 efflagitant
750 2936 782 2989 tu
797 2932 899 3007 tuique
909 2933 950 2991 di-
1005 2950 1052 2992 ma
1067 2934 1257 3009 peccatricem
1273 2936 1403 3010 dignaris
1417 2936 1558 2993 visitare?

125 3024 231 3098 scipuli
245 3038 362 3080 mecum
377 3021 408 3077 iu
423 3020 604 3078 orationibus
627 3022 830 3079 concordando
854 3023 949 3080 velitis
1321 3051 1512 3092 sinagonus,

125 3114 292 3190 persistere,
338 3110 532 3183 quoadusque
572 3109 687 3166 caelitus
730 3112 985 3198 demonstreturc
1039 3122 1118 3179 Lioet
1133 3139 1185 3195 por
1198 3122 1252 3179 1100
1267 3122 1429 3179 triennium
1454 3124 1561 3180 absens
1583 3139 1682 3181 essem
1698 3142 1832 3200 mmm,

125 3207 264 3260 utrumne
279 3199 445 3273 benignitas
459 3198 563 3254 divina
576 3199 775 3256 miserationis
791 3201 828 3257 ad
849 3200 947 3258 indul·
1002 3211 1081 3269 houd
1093 3210 1241 3268 modicum
1256 3216 1354 3268 tamen
1370 3210 1513 3269 sollicitus
1529 3211 1570 3268 lui
1587 3229 1640 3286 pro
1663 3213 1710 3270 tui
1725 3213 1831 3272 salute.

125 3290 257 3368 gentiam
271 3287 606 3361 molitasitpoenitentis
621 3286 769 3360 lacrymis.
1365 3327 1456 3367 ms,

459 3399 613 3441 aureatus.
1038 3399 1223 3456 Nondubito.

158 3476 365 3535 consentimus
380 3478 437 3531 tua
451 3472 586 3547 petitioni
602 3471 736 3530 libenter.
1317 3504 1508 3546 aarannrrus.

439 3585 632 3628 narsnumus.
1037 3579 1153 3651 Expone
1169 3576 1242 3633 mihi
1257 3576 1410 3633 historiam
1427 3581 1484 3633 tuae
1499 3577 1747 3652 conversationis,
1769 3597 1830 3638 mo·

157 3665 216 3722 Nec
230 3661 333 3719 dubito
347 3676 398 3718 vos
415 3659 502 3716 allec
517 3658 688 3715 exauditum
701 3659 737 3715 iri
752 3659 920 3719 clementer.
1002 3669 1131 3740 dumque
1144 3664 1391 3738 compunctionis.

445 3765 560 3822 sanita
578 3765 625 3822 lll.
1365 3781 1459 3821 raaia.

457 3870 611 3911 aureatus.
1036 3856 1094 3911 Hoc
1106 3870 1227 3927 possum
1243 3868 1396 3926 exponere,
1413 3853 1490 3925 quod
1507 3870 1565 3910 non
1586 3854 1687 3912 nescio
1714 3874 1765 3914 me
1788 3859 1832 3916 ni-

155 3952 227 4008 licce
244 3945 410 4029 evangelica
425 3943 581 4018 promissio
596 3943 627 4001 in
642 3943 727 4000 nobis
743 3948 787 4001 est
811 3944 942 4018 impleta.
1000 3944 1041 4002 hil
1053 3944 1176 4017 dignum
1192 3942 1249 3999 er
1266 3942 1371 4015 egisse.

435 4056 627 4097 rarsaurrns.
1315 4054 1506 4096 rarsnnmus.

157 4138 224 4205 Qua
239 4133 300 4189 hnc
316 4131 495 4205 promissio?
1035 4132 1065 4189 Si
1080 4131 1158 4187 Deus
1171 4129 1344 4202 iniquitates
1359 4128 1535 4196 observabit,
1552 4145 1638 4186 nemo
1655 4131 1830 4192 sustinebit.

453 4233 608 4274 aaronica.
1361 4242 1455 4283 rasis.

155 4316 196 4371 Ea
208 4309 341 4369 videlicet
356 4324 420 4382 qum
437 4306 653 4364 consentientes
669 4308 698 4364 in
724 4309 853 4365 eratione
878 4326 943 4382 pro·
1034 4319 1063 4376 Si
1080 4323 1177 4375 tamen
1191 4316 1262 4389 quid
1278 4315 1397 4373 facerim
1411 4315 1456 4371 vis
1479 4315 1562 4387 seire,
1579 4320 1829 4379 numerositatem

120 4405 202 4463 misit
216 4399 315 4460 Omni&
329 4398 487 4473 impellam
502 4413 598 4470 Μεθ’
998 4423 1132 4466 meorum
1148 4405 1291 4463 scelerum
1308 4405 1386 4461 intra
1401 4404 1622 4474 conscientiam,
1637 4408 1727 4480 quasi
1741 4408 1773 4465 iu
1791 4410 1830 4467 ia·

437 4510 629 4552 cavanarias.
957 4496 1142 4568 Dscieulum
1158 4494 1260 4568 collegi
1276 4498 1305 4551 ot
1320 4494 1524 4568 pertractando
1540 4498 1638 4551 ments
1653 4499 1826 4572 semperiu·

41 4659 53 4666 ⁸
154 4589 229 4661 Quid
243 4585 311 4645 esti
996 4585 1088 4661 speri,
1110 4601 1179 4658 que,
1208 4583 1285 4639 sicut
1309 4583 1430 4639 naribus
1453 4598 1605 4655 nunquam
1630 4585 1771 4644 molestia
1786 4589 1826 4645 fe·

453 4685 607 4730 sanemus.
996 4677 1079 4745 toris,
1104 4675 1145 4733 lta
1168 4672 1292 4731 termido
1319 4671 1458 4746 gehennae
1481 4689 1538 4729 uon
1564 4672 1684 4732 abesset
1711 4674 1825 4737 visibus

152 4767 242 4827 Paulo
257 4781 321 4825 meo
336 4761 481 4839 discipulo
497 4765 616 4819 estense
630 4767 675 4819 est
690 4763 823 4835 quaedam
838 4746 922 4822 visio.
997 4766 1104 4826 cordis.

434 4866 624 4910 rasnnnrrus.
1021 4864 1023 4870 ·
1313 4866 1503 4910 rarsanmus.

152 4948 232 5006 Voca
245 4945 340 5003 iilum.
1033 4943 1105 5011 Oula
1119 4947 1147 5000 te
1163 4941 1386 5015 compunctione
1402 4940 1524 5013 qunisti,
1541 4939 1606 4998 ldce
1628 4943 1749 5001 veniam
1765 4961 1825 5002 me·

455 5047 607 5089 amonius.
997 5033 1092 5090 ruisti.

153 5123 251 5194 Paulo,
268 5122 384 5193 accedo,
398 5124 428 5178 ot
438 5137 503 5194 qum
517 5119 616 5177 vidisti
633 5120 796 5194 Paphnutio
820 5137 940 5196 expone.
1356 5135 1449 5176 raars.

466 5225 587 5267 sanans.
1031 5213 1054 5270 0
1069 5210 1201 5269 utinaml

152 5303 294 5361 Videbam
309 5300 340 5358 iu
354 5299 466 5358 visione
481 5296 623 5356 lectulum
638 5297 804 5359 candidulis
814 5299 941 5373 Palliclis
1309 5311 1501 5354 rarnnnrrns.

116 5391 147 5448 iu
162 5389 233 5449 eaelo
248 5391 403 5464 magniiice
416 5391 551 5455 stratum,
569 5387 615 5444 cui
632 5391 760 5459 quatuor
781 5387 941 5461 splendida
1031 5391 1074 5447 Da
1088 5403 1220 5453 manum,
1237 5390 1270 5443 ut
1285 5390 1313 5442 te
1327 5386 1461 5444 educam.

116 5478 244 5551 virgines
259 5482 411 5551 praeerant,
428 5482 458 5534 et
472 5476 556 5549 quasi
574 5476 767 5532 custodiendo
783 5478 940 5549 astabant;
1356 5492 1449 5532 esais.

116 5571 147 5626 at
161 5567 210 5622 ubi
221 5567 440 5639 jucunditatem
457 5567 537 5623 miros
553 5564 693 5622 claritatis
708 5564 942 5639 aspiciebamin-
1031 5567 1105 5637 Noli,
1122 5567 1206 5623 Pater
1229 5566 1406 5634 venerande,
1421 5564 1494 5646 noli·
1507 5581 1554 5622 me
1576 5566 1761 5631 sordidulam
1776 5568 1821 5625 bis
