3900 6090
556 274 761 341 couOEmAE
784 272 867 336 SEX.
884 310 921 319 —

897 411 925 479 Α

56 277 134 340 1029

375 427 566 468 rnrnnurrus.

93 501 148 569 Qui
164 499 316 557 dialectice
331 500 386 557 scit
401 501 563 575 disputare,
579 500 649 574 quia
669 499 740 557 caia
755 495 827 553 nihil
842 501 887 555 est

56 589 249 658 contrarium,
267 589 318 645 sed
334 591 508 663 receptatrix
520 594 565 647 cst
579 588 805 645 contrariorum.

397 696 551 736 nrscrrum.

94 770 168 838 Quid
185 767 241 826 sibi
255 767 318 825 vult
333 769 410 840 quod
422 767 683 837 dixisti,aceumium
698 766 886 823 heremeticam

56 861 293 919 macritatem?

375 964 568 1004 rnrnnurrns.

95 1043 128 1098 ld
144 1039 266 1106 scilieet,
277 1037 366 1109 quod,
377 1036 453 1092 sicut
469 1035 560 1108 pressi
576 1032 807 1104 excellentesque
822 1031 887 1088 seni

58 1128 230 1189 harmonice
246 1126 397 1198 conjuncti
408 1125 549 1198 quiddam
560 1122 717 1197 perficiunt
727 1120 885 1190 musicum,

59 1222 102 1278 ita
126 1219 246 1274 dissona
273 1215 418 1271 elementa
447 1214 653 1271 convenienter
679 1209 887 1268 concordantia

59 1324 153 1366 unum
170 1305 325 1379 perficiant
340 1305 495 1361 mundum.

399 1409 552 1450 mserrum.

98 1488 205 1545 Mirum
219 1485 366 1559 quomodo
382 1484 503 1542 dissona
522 1482 690 1540 concordari
705 1480 751 1539 vel
765 1495 887 1539 concor·

61 1577 161 1637 dantia
177 1574 291 1648 possint
305 1573 426 1630 dissona
438 1573 507 1629 dici.

377 1678 569 1720 rnmmumus.

99 1758 173 1824 Quia
187 1753 260 1810 nihil
275 1769 310 1809 er
325 1751 471 1808 similibus
487 1751 621 1824 componi
644 1750 769 1816 videtur,
787 1763 840 1804 nec
854 1762 926 1858 exB

61 1846 120 1915 his,
136 1862 199 1918 quae
217 1842 298 1900 nulla
312 1841 434 1899 rationis
450 1841 636 1913 proportione
647 1840 890 1912 junguntur‚cta

61 1953 94 1994 se
109 1934 190 1992 omni
207 1932 374 1990 substantia
389 1935 552 2003 naturaque
568 1929 693 1986 discreta
709 1930 787 1985 sunt.

364 2024 416 2078 u
433 2035 585 2078 mscmuac

99 2113 176 2184 Quid
191 2117 236 2171 est
251 2109 388 2168 musica?

379 2224 573 2265 narnnurrus.

103 2301 265 2374 Disciplina
280 2315 339 2356 una
354 2297 390 2354 dc
404 2295 595 2370 philosophie
610 2293 779 2369 quadruvio.

401 2402 555 2443 disemum.

103 2481 177 2552 Quid
193 2485 239 2539 cst
250 2479 305 2537 hoc
319 2476 398 2551 quod
414 2475 487 2533 dicis
501 2472 722 2548 quadruvium?

380 2582 574 2624 perimamus

99 2659 301 2727 arithmetice,
318 2655 504 2732 geometrica,
521 2653 645 2723 musica,
660 2650 866 2710 astronomica.

401 2760 552 2803 mscrrum.

100 2841 159 2897 Cur
173 2835 393 2912 quadrariam?

383 2947 574 2989 rnrnnurrus.

101 3027 186 3095 Quia,
197 3025 274 3083 sicut
288 3040 305 3079 a
321 3021 483 3096 quadruvio
499 3019 666 3086 semitaritia
680 3018 716 3075 ab
731 3034 790 3073 uno
800 3015 892 3090 philo·

66 3116 176 3189 sophica
192 3111 335 3187 principio
359 3111 465 3167 harum
494 3108 717 3180 disciplinarum
746 3106 892 3179 prodeunt

65 3204 286 3280 progressiones
301 3204 395 3259 recta.

405 3314 555 3354 siscanum.

102 3393 244 3448 Veremur
259 3387 400 3462 quiddam
429 3386 632 3459 investigando
648 3385 774 3458 rogitare
788 3384 825 3441 de
838 3383 892 3440 tri·

65 3480 207 3554 bus,quia
222 3480 321 3551 empta
337 3473 511 3546 scrupulum
526 3470 737 3546 disputationis
751 3470 891 3544 capedine

64 3570 175 3630 mentis
189 3568 237 3624 vix
251 3568 402 3640 penetrare
417 3561 546 3635 quimus.

382 3668 573 3712 rarnnumus.

101 3746 226 3805 Difficile
240 3749 338 3819 captu.

402 3856 553 3898 mserrum.

101 3934 153 3991 llio
165 3932 252 3989 nobis
266 3931 345 3988 deca
358 3926 700 4002 superficietenus,eajus
710 3925 889 3984 mentionem

62 4023 95 4080 in
108 4020 245 4096 prasenti
260 4018 394 4077 lecimus.

380 4122 572 4164 raennumus.

100 4201 260 4275 Perparam
275 4198 371 4256 dicare
384 4197 454 4266 scio,
471 4197 541 4269 quia
564 4196 727 4254 eremicolis
749 4200 794 4253 est
809 4196 888 4256 inco·

62 4290 157 4365 gnita.

401 4400 553 4442 arscrrum.

101 4477 176 4547 Quid
190 4476 273 4550 agit?

382 4588 571 4629 rarnunrrus.

99 4673 232 4733 Musica?

398 4785 552 4827 mscrrun.

99 4872 176 4943 ipsa.

379 4982 569 5023 anennumns.

97 5058 235 5132 Disputat
248 5056 283 5113 do
298 5055 389 5111 sonis.

401 5161 552 5202 mserrum.

97 5237 202 5295 Utrum
217 5241 263 5292 est
278 5251 347 5305 una,
364 5250 401 5293 an
416 5233 540 5308 plures?

380 5339 572 5380 rannuurrus.

97 5416 170 5472 Tres
185 5429 249 5472 ease
264 5413 405 5470 dicuntur
416 5431 423 5481 ;
435 5412 486 5469 sed
503 5426 684 5483 unaquaequo
698 5411 810 5467 rationo
820 5428 886 5484 pre-

58 5501 286 5579 portionatioais
302 5500 384 5558 alteri
401 5501 442 5557 ita
455 5499 655 5572 cenJ'ungitur,
668 5501 700 5554 ut
715 5498 793 5555 idem
808 5500 886 5573 quod

59 5592 169 5652 accidit
183 5591 235 5648 uni
250 5608 307 5647 non
322 5591 405 5649 deest
419 5589 512 5648 alteri.

902 4539 928 4607 D

938 277 975 337 V.
996 276 1261 342 PhPHNU'l'IUS.

1277 427 1429 469 arsamum.

975 503 1011 558 lit
1026 517 1089 573 qum
1101 498 1243 557 distantia
1254 500 1331 556 inter
1344 501 1428 557 tres?

1256 606 1446 646 rarnnurrns.

976 679 1074 735 Prima
1089 677 1196 733 dicitur
1225 679 1375 734 mundana
1400 679 1461 736 sivo
1483 679 1620 751 caelestis,
1636 685 1765 740 secunda

940 769 1091 823 mundana
1107 767 1169 838 (lep.
1186 766 1338 840 humana),
1356 768 1454 838 tertia,
1470 786 1534 840 quar
1558 769 1764 828 instrumentis

940 860 1098 913 exercetur.

1276 962 1429 1002 orscrrum.

976 1035 1007 1091 ln
1023 1051 1080 1108 quo
1096 1037 1211 1090 constat
1226 1033 1375 1090 caelestis?

1257 1140 1450 1180 rarnnnmns.

977 1212 1009 1268 la
1024 1215 1137 1285 septem
1153 1211 1279 1285 planctis
1294 1218 1323 1269 ct
1338 1213 1367 1268 in
1383 1212 1493 1270 coelesti
1508 1215 1632 1288 sphera.

1279 1318 1432 1359 arsamum.

977 1390 1153 1457 Quomodo?

1257 1498 1449 1539 rarrrnnnus

977 1570 1016 1625 llo
1031 1569 1165 1627 videlicet
1181 1588 1238 1644 quo
1253 1569 1304 1627 illa
1327 1588 1390 1644 qua
1410 1572 1440 1628 in
1456 1572 1681 1645 instrumentis;
1698 1575 1768 1649 quia

943 1663 985 1714 tot
997 1659 1094 1731 spatia
1115 1676 1201 1732 pares
1219 1661 1438 1733 productiones,
1454 1663 1562 1718 eedem
1587 1664 1767 1739 symphonia

942 1747 1127 1820 reperiuntur
1141 1748 1171 1803 in
1188 1748 1235 1805 his
1248 1765 1311 1820 quae
1327 1755 1356 1805 ct
1371 1750 1401 1806 in
1415 1750 1543 1808 chordis.

1282 1855 1434 1895 nrscrrum.

979 1926 1053 1993 Quid
1069 1930 1139 1982 sunt
1152 1926 1272 2000 spatia?

1260 2034 1451 2075 parenorius.

980 2103 1193 2175 Dimensiones,
1214 2123 1278 2179 qua
1307 2111 1502 2165 numerantur
1533 2109 1608 2167 inter
1637 2110 1769 2183 planetas

944 2192 1004 2250 eive
1019 2194 1096 2250 inter
1110 2192 1245 2253 chordas.

1282 2302 1434 2344 arsamum.

980 2371 1014 2426 iit
1028 2372 1099 2444 quid
1116 2373 1343 2445 productiones?

1262 2480 1454 2521 ravennnae.

980 2550 1061 2606 Idem
1077 2551 1157 2624 qued
1171 2553 1243 2608 toni.

1283 2637 1436 2700 arsamum.

980 2728 1038 2786 Nec
1053 2729 1159 2788 horum
1174 2731 1278 2788 notitia
1292 2749 1346 2789 nos
1361 2732 1465 2806 tangit.

1260 2838 1452 2879 marinarios.

981 2910 1080 2966 Tonas
1095 2910 1129 2966 nt
1142 2926 1176 2966 ex
1191 2910 1307 2968 duobus
1334 2911 1414 2968 sonis
1429 2916 1458 2968 et
1474 2913 1606 2985 possidet
1627 2917 1770 2975 rationem

945 2998 1068 3071 epogdoi
1084 3000 1197 3056 numeri
1212 3000 1272 3056 sive
1287 3000 1492 3072 sesquioctavi.

1285 3106 1437 3147 arsamum.

983 3179 1097 3245 Quanto
1111 3179 1239 3237 velocius
1258 3181 1414 3253 preposita
1436 3181 1638 3258 investigando
1663 3186 1771 3260 satagi·

946 3282 1013 3323 mus
1029 3268 1164 3337 transire,
1181 3272 1263 3326 tanto
1285 3268 1452 3328 difficiliora
1475 3272 1561 3329 nohis
1585 3291 1644 3330 non
1660 3275 1771 3333 desinis

946 3372 1100 3429 apponere.

1264 3465 1457 3508 rnrnnurrus.

981 3535 1040 3593 Hoc
1057 3536 1146 3609 exigit
1160 3536 1332 3609 hujusmodi
1349 3540 1520 3613 disputatio.

1278 3643 1434 3683 mscmum.

979 3714 1113 3773 Edissere
1128 3718 1334 3772 summotenus
1349 3714 1568 3788 aliquantulum
1584 3719 1620 3776 dc
1635 3720 1771 3794 sympho-

944 3802 1014 3875 niis,
1028 3821 1087 3878 que
1102 3802 1201 3862 saltim
1217 3804 1346 3862 sciamus
1365 3805 1611 3878 significationem
1628 3807 1767 3866 nominis.

1260 3909 1452 3952 aursuurrus.

979 3984 1767 4060 symphoniadiciturmodulatioaiatemperamentum.

1279 4090 1430 4132 nrscrrum.

978 4163 1095 4230 Quare?

1261 4270 1452 4312 rarnnurrus.

978 4343 1051 4409 Quia
1079 4359 1157 4399 nunc
1185 4346 1320 4415 quatuor,
1350 4360 1428 4401 nune
1454 4344 1593 4418 quinque,
1610 4362 1688 4402 nune
1703 4349 1767 4404 octo

943 4433 1023 4488 sonis
1037 4430 1198 4505 perficitur.

1280 4538 1433 4579 arsamum.

979 4612 1053 4678 Quia
1071 4615 1130 4669 tres
1159 4627 1224 4668 esse
1250 4610 1467 4685 cognoscimus,
1483 4611 1668 4686 singularum
1682 4630 1766 4670 voca·

943 4698 1012 4757 bula
1027 4698 1197 4772 dignoscere
1212 4699 1360 4772 cupimus.

1259 4805 1451 4845 raenaumus.

977 4879 1075 4936 Prima
1100 4879 1209 4935 dicitur
1234 4878 1284 4935 aa
1309 4877 1502 4948 diatessaron,
1524 4881 1609 4952 quasi
1634 4897 1668 4937 ex
1692 4899 1765 4955 qua·

942 4972 1017 5036 tuor,
1035 4973 1063 5025 ct
1077 4968 1207 5041 possidet
1232 4965 1450 5040 proportionem
1462 4969 1612 5042 epitritam
1627 4970 1687 5028 sive
1702 4988 1765 5028 scs·

942 5057 1137 5130 quitertiam;
1168 5056 1296 5112 secunda
1323 5055 1468 5128 diapente,
1496 5073 1560 5130 qua
1588 5064 1703 5117 constat
1731 5076 1766 5116 ex

942 5147 1160 5219 quinqueetcst
1174 5144 1204 5200 in
1220 5145 1332 5201 ratione
1347 5144 1476 5202 hemiolii
1492 5147 1552 5204 sivo
1565 5147 1764 5221 sesquialteri;

940 5234 1026 5293 tertia
1039 5235 1180 5306 diapason
1193 5252 1200 5303 ;
1216 5233 1278 5291 hac
1294 5234 1326 5290 nt
1340 5233 1370 5288 ia
1386 5234 1487 5307 duplo,
1502 5236 1711 5310 perficiturque
1720 5254 1764 5295 so·

941 5322 1052 5381 nitihus
1067 5327 1142 5380 octe.

1280 5428 1432 5470 mscrrum.

976 5501 1182 5574 Numsphara
1209 5506 1238 5558 ct
1266 5500 1388 5576 planete
1418 5503 1569 5575 proferunt
1597 5521 1714 5578 sonum,
1732 5510 1764 5565 ut

941 5594 1108 5650 mereantur
1119 5589 1367 5666 comparationem
1382 5590 1583 5653 chordarum?
