3900 6090
132 227 187 290 251
579 229 739 293 loannis
762 225 937 292 tutantis.
962 225 995 290 S.
1018 225 1188 293 tenuant
1209 228 1404 295 MuvnNsts
1774 236 1833 322 252

131 367 195 441 pria
205 368 300 425 eidem
308 363 485 424 monasterio
496 362 866 436 subjacetebdomadarius
877 361 952 418 sacri
967 359 995 429 Α
1010 365 1271 432 tentum,0rdiuem
1287 365 1435 423 actionum
1447 363 1763 436 ecclesiasticarum,ad
1779 367 1833 428 boc

132 458 232 517 altaris
247 459 368 524 ascitus,
385 459 451 530 post
466 454 583 527 aliquod
599 471 685 525 quom
703 452 810 508 ibidem
827 451 952 507 offitium
973 505 979 515 Ι
1007 456 1036 508 et
1051 451 1228 509 secularium
1253 453 1348 510 edicta
1371 454 1480 528 legum,
1507 457 1542 511 ad
1567 473 1660 513 unum
1684 475 1778 531 usque
1801 462 1834 516 ut

95 579 102 589 -
131 554 247 623 ceperat
259 553 385 621 tempus,
403 545 452 601 tali
469 544 569 600 ordine
593 541 698 598 salutis
713 540 739 595 ei
752 540 866 596 occasio
881 539 952 595 diei·
1006 541 1047 597 ita
1062 543 1157 597 dicam
1169 542 1294 598 'verbum
1311 545 1395 600 corde
1408 545 1557 601 recondita
1577 545 1650 602 mire
1676 546 1831 604 continuit.

131 640 211 695 nitus
227 637 403 714 providetur.
430 635 461 689 ln
486 630 607 704 collegio
632 628 796 702 puellarum
819 630 951 699 ejusdem
1007 630 1196 699 Omeliarum,
1209 650 1389 702 sermonum,
1402 651 1435 688 ac
1450 634 1631 691 diversorum
1651 639 1832 693 tractatuum

130 726 196 796 loci,
213 725 290 798 quod
305 741 381 779 nunc
394 723 516 779 feliciter
530 720 653 777 Domino
669 719 827 775 miseraute
852 735 951 790 proee-
1006 722 1036 776 in
1052 722 1226 777 lectionibus
1241 721 1432 794 epistolarum
1457 722 1501 778 vel
1527 723 1755 796 evangeliorum,
1780 726 1831 782 scd

129 816 181 877 dit,
198 819 259 869 erat
274 813 400 885 quedam
417 811 548 866 moribus
571 815 599 864 et
623 808 841 866 conversatione
855 823 951 861 remo·
1006 814 1034 866 et
1057 814 1140 882 gesta
1164 815 1333 864 sanctorum
1358 810 1382 864 si
1408 827 1465 881 (qua
1492 814 1562 865 sunt
1583 811 1830 881 memorabilium,

128 904 184 959 tior
198 921 216 959 a
230 903 345 969 ceteris,
362 901 447 956 armis
463 900 622 955 admodum
638 896 951 970 puellaribus,nomino
1005 902 1117 954 tautam
1133 898 1267 970 concepit
1282 897 1428 966 notitiam,
1446 899 1626 970 utquociens
1643 901 1830 972 postmodum

128 992 223 1060 Geisa,
242 1007 330 1064 quam
347 989 438 1044 amita
454 987 549 1042 eidem
565 985 700 1057 religiosa
715 983 860 1039 secretiori
874 983 950 1054 opud
1005 986 1030 1041 oi
1046 987 1230 1059 oportunitas
1247 988 1319 1042 forte
1333 974 1506 1043 accessisset
1519 987 1669 1060 loquendi,
1687 990 1747 1045 acsi
1773 1007 1831 1062 pra

128 1098 159 1137 se
174 1080 308 1137 custodia
323 1078 479 1143 educebat3
496 1075 548 1131 heo
566 1074 731 1145 Fredeburg
746 1073 951 1127 dicebatur.Ea
1004 1073 1096 1131 oculis
1112 1074 1185 1130 liber
1206 1075 1330 1141 adesset,
1356 1092 1373 1129 a
1398 1074 1492 1146 prima
1518 1093 1609 1147 usque
1625 1075 1655 1131 in
1670 1081 1830 1133 extremum

128 1169 227 1241 itaque
242 1169 328 1225 Geisa
341 1184 407 1222 cum
424 1166 458 1220 ad
475 1165 583 1221 artiora
598 1180 628 1218 so
643 1161 747 1217 cotidie
760 1164 859 1216 sancto
879 1176 950 1214 con·
1004 1163 1179 1219 sententiam
1203 1181 1236 1218 ex
1261 1164 1362 1219 ordine
1385 1168 1538 1235 tamquam
1566 1164 1629 1220 visa
1650 1180 1831 1237 persequens

127 1256 300 1315 versationis
316 1254 573 1321 extruderet,inter
587 1256 689 1307 catera
705 1249 798 1305 sancti
809 1247 950 1321 propositi
1003 1251 1125 1323 vestigia
1152 1250 1247 1306 verbis
1273 1251 1480 1306 communibus
1503 1250 1640 1307 universa
1660 1251 1829 1308 revolveret,

127 1344 400 1413 ornamenta,etiam
416 1344 471 1398 sub
486 1341 565 1396 omni
582 1344 660 1396 veste
671 1339 756 1395 cilicii
768 1355 855 1393 usum
867 1335 948 1393 addi·
975 1393 977 1398 ,
1003 1339 1144 1394 Cantibus
1155 1337 1360 1394 ecclesiasticis
1373 1339 1428 1395 sub
1441 1340 1517 1394 idem
1529 1339 1829 1411 temporisinsudara,

126 1432 370 1490 derat..lohannes
386 1432 450 1501 ejus
466 1428 594 1484 instituti
609 1424 948 1498 ¹e³¹adhue¹t³³virtauh
1003 1444 1056 1483 nec
1071 1427 1189 1483 erubuit
1204 1444 1256 1483 nec
1280 1427 1453 1500 desperavit.
1484 1429 1519 1484 ut
1543 1427 1611 1484 licet
1638 1427 1772 1485 nonnulli
1796 1433 1831 1486 ut

127 1526 177 1577 aut
192 1520 310 1577 omnino
326 1521 458 1592 ignarus,
483 1517 554 1572 dum
578 1517 705 1588 quadam
733 1515 790 1583 die,
821 1530 948 1586 quonam
1003 1516 1133 1572 alieniori
1150 1521 1233 1572 aetate
1248 1515 1347 1571 deludi
1363 1515 1448 1572 tacite
1460 1516 1588 1572 riderent
1601 1516 1831 1590 ingeniumper·

125 1609 272 1666 incertum
295 1608 369 1675 loco,
394 1622 462 1662 cum
487 1621 522 1659 ea
545 1601 750 1668 familiaribus,
768 1603 801 1657 ut
824 1617 891 1657 cum
907 1616 951 1656 ec·
1002 1605 1111 1662 tinacia
1124 1605 1192 1662 boni
1208 1604 1344 1661 desiderii
1360 1603 1830 1678 quamvisdurocluctabolabore

124 1698 195 1754 teris
215 1696 377 1761 adsolebat,
402 1691 588 1750 sermonibus
612 1692 736 1763 quedam
767 1691 917 1759 insereret,
933 1705 950 1744 a
965 1727 989 1792 B
1004 1711 1124 1767 prorsus
1139 1695 1234 1751 evicit.

126 1791 241 1858 pectore
257 1784 360 1858 puellm
376 1784 454 1838 intra
469 1780 636 1847 interulam,
653 1798 718 1852 quae
735 1780 829 1835 fuerat
853 1777 946 1834 subii·
1042 1784 1082 1840 19,
1099 1783 1165 1839 Haee
1177 1783 1203 1839 ei
1216 1783 1339 1841 interim,
1359 1786 1526 1838 sanctorum
1551 1781 1740 1855 negociorum
1764 1782 1830 1840 ocia

124 1873 188 1944 lior,
207 1874 342 1929 umbram
358 1871 445 1927 cilicii
459 1870 495 1925 ad
510 1884 627 1923 carnem
644 1867 763 1923 lattnlls
778 1867 833 1923 sub
858 1864 947 1921 dubio
1001 1888 1068 1927 cum
1085 1871 1230 1945 praedictis
1243 1870 1357 1926 ancillis
1381 1869 1431 1926 Dei
1458 1870 1550 1925 fuere.
1575 1871 1615 1925 Ex
1640 1871 1726 1944 cujus
1737 1871 1827 1927 etiam

124 1964 188 2020 visu
204 1961 453 2035 prospexitMauu
465 1957 644 2031 protinusad
654 1956 865 2029 explorandum
875 1954 946 2026 quid
1000 1960 1113 2034 collegii
1129 1960 1318 2016 multitudine
1332 1959 1487 2032 plerasque
1501 1961 1546 1995 ¹³³⁶
1566 1959 1603 2015 ab
1628 1959 1738 2016 infimis
1752 1958 1826 2016 dole·

125 2056 204 2108 esset
217 2051 336 2122 injecta,
352 2048 401 2104 uhi
416 2064 476 2103 rem
492 2046 622 2119 asperior
636 2049 731 2100 tuclus
745 2044 869 2112 edocuit,
887 2049 946 2099 stu·
1000 2049 1176 2105 stationibus
1192 2049 1228 2105 ad
1249 2048 1409 2104 eoelestium
1443 2047 1655 2104 desideriorum
1691 2048 1828 2105 flammas

124 2155 194 2214 pore
208 2138 374 2195 vehementi
390 2140 491 2193 ettoto
507 2151 626 2208 corpore
646 2138 770 2191 tremore
785 2132 944 2191 exhorruit.
999 2141 1066 2213 igno
1088 2137 1177 2194 divini
1202 2137 1309 2210 eloquii
1333 2135 1519 2210 permutavit.
1545 2139 1605 2203 Que
1630 2154 1709 2193 nunc
1732 2153 1828 2211 usque

124 2231 198 2298 Quid
215 2228 320 2286 deinde
335 2227 382 2284 hie
397 2225 516 2282 habitus
530 2225 730 2298 pretendere,
742 2228 944 2297 percuntatus,
999 2231 1088 2284 testes
1101 2227 1212 2283 ordinis
1227 2225 1290 2280 ritae
1306 2225 1506 2298 virtutumque
1521 2226 1586 2298 ejus
1601 2226 1742 2282 existunt.
1758 2227 1826 2284 lam

122 2319 313 2378 verecundior
327 2318 378 2374 illa
392 2320 420 2372 et
430 2316 534 2373 rubore
547 2315 631 2370 vultu
647 2331 776 2387 aspersa,
788 2317 944 2388 postquam
999 2335 1065 2373 vero
1081 2317 1111 2372 in
1126 2315 1237 2373 coeteris
1253 2314 1398 2371 exercitiis
1413 2314 1607 2387 spiritalibus,
1633 2314 1825 2385 continentia,

130 2407 301 2481 aliquandiu
315 2406 478 2463 obticuerat
490 2404 881 2477 :«Nescis,inquid,nosnon
896 2402 945 2461 isti
996 2407 1120 2479 jejunio,
1137 2404 1255 2479 vigiliis,
1273 2406 1438 2460 orationum
1464 2405 1638 2476 frequentia,
1654 2404 1698 2462 vel
1714 2404 1826 2479 reliquo

124 2499 230 2556 seculo
242 2497 335 2554 vivere
347 2500 397 2551 aut
408 2495 552 2552 deservire
567 2493 697 2550 deberet
712 2493 769 2549 Hae
779 2494 815 2549 ad
831 2494 946 2566 quatit*
998 2496 1096 2551 labore
1112 2511 1258 2567 corporeo,
1276 2494 1432 2566 carnisque
1447 2493 1649 2565 castigatione,
1666 2498 1779 2567 quanto
1794 2510 1826 2553 se

123 2589 277 2662 plerosque
293 2587 407 2643 deditos
423 2585 594 2652 video,vaua
609 2600 730 2656 prorsus
740 2583 944 2640 etanimarum
998 2584 1103 2640 virtute
1118 2581 1286 2651 accinxerit,
1311 2586 1340 2637 ot
1354 2582 1389 2637 do
1406 2581 1453 2638 die
1469 2581 1498 2637 in
1514 2581 1591 2638 diem
1607 2581 1780 2640 melioribus
1794 2598 1826 2641 se

122 2669 945 2752 perditionemesseperpendohongealiusmihianimus
998 2689 1176 2746 praeparans,
1198 2671 1292 2744 gratia
1316 2671 1424 2727 Christi
1448 2672 1606 2727 comitante
1630 2670 1660 2726 in
1685 2670 1826 2731 ulteriora

122 2768 158 2824 ab
173 2765 230 2835 his,
247 2763 356 2839 proprii
371 2767 485 2818 tantum
503 2759 622 2833 periculi
638 2759 793 2816 sollicitam
809 2761 853 2795 ¹⁵³³
868 2761 945 2834 cogit
998 2777 1114 2834 sempor
1128 2759 1485 2832 tetenderit,sequentium
1497 2760 1684 2817 attestatione
1699 2777 1824 2834 operum

122 2853 400 2914 existeremPlurain
410 2851 490 2907 huuc
501 2850 621 2906 modum
633 2849 726 2905 sancti
737 2849 873 2905 desiderii
885 2866 946 2906 ver·
998 2850 1120 2907 forsitan
1136 2849 1242 2905 melius
1258 2848 1519 2905 demonstrabitur.

121 2948 159 3005 ba
172 2963 239 3004 cum
253 2940 582 3018 replicasset,lohannes
593 2938 629 2994 ab
639 2937 698 2993 imo
707 2937 832 3010 pectoris
846 2937 875 2993 in
886 2937 944 2994 alta
1032 2939 1077 2994 20.
1092 2939 1135 2994 Ad
1150 2937 1252 2994 mundi
1264 2942 1469 3009 ⁴contemptum
1486 2943 1515 2994 et
1529 2936 1703 2994 facultatum
1718 2953 1825 2997 renun-

120 3033 264 3090 excitatus
287 3028 437 3101 suspiria:
456 3048 470 3076 «
485 3025 535 3093 Vc,
553 3022 667 3096 inquid,
688 3023 794 3081 misero
819 3023 891 3081 mihi
916 3030 944 3082 ct
996 3027 1148 3084 tiationem
1164 3044 1198 3083 ex
1213 3027 1336 3100 integre,
1348 3026 1429 3082 omni
1444 3025 1589 3084 desiderio
1605 3027 1753 3084 estuabat.
1765 3026 1822 3085 sed

121 3116 375 3194 ignavissimequt
391 3113 502 3170 tamdiu
515 3128 612 3169 moras
623 3129 681 3168 non
692 3113 778 3168 modo
793 3112 940 3183 steriliter,
957 3092 979 3162 C
997 3133 1055 3188 quo
1071 3116 1201 3173 locorum
1218 3133 1249 3171 se
1268 3114 1421 3184 conferret,
1448 3132 1507 3171 uon
1532 3115 1617 3172 facile
1643 3116 1823 3190 pervidebat,

121 3209 172 3265 sed
187 3206 276 3264 etiam
292 3203 402 3279 perdite
416 3201 537 3258 vivendo
552 3199 694 3273 protraxi!
711 3200 826 3258 Scilicet
840 3218 887 3258 me
901 3202 942 3258 vt·
997 3206 1068 3262 adeo
1092 3204 1291 3276 exemplorum
1312 3204 1395 3277 copia
1419 3220 1450 3260 se
1479 3219 1513 3260 ex
1541 3208 1603 3262 tota
1626 3204 1681 3262 hac
1704 3203 1823 3280 τθςίοαο

121 3312 198 3362 rum,
210 3295 288 3351 huuc
303 3290 481 3364 fragiliorem
497 3304 599 3344 sexum
620 3287 727 3344 virtute
743 3289 844 3362 praeire
858 3307 942 3362 opor·
996 3293 1187 3360 subduxerat,
1212 3309 1265 3348 nec
1290 3291 1384 3348 ullum
1409 3292 1528 3349 omniuo
1552 3292 1766 3350 monasterium
1790 3292 1822 3352 in

120 3384 187 3440 tuit.
203 3384 276 3440 Nom
287 3396 404 3437 summo
421 3377 527 3451 probro
543 3381 572 3432 et
583 3376 830 3446 contumelia,nou
847 3377 942 3435 solum
996 3383 1110 3439 cunctis
1124 3380 1280 3454 Cisalpinis
1296 3381 1429 3453 partibus
1444 3382 1495 3438 sed
1510 3386 1539 3438 et
1552 3382 1599 3438 via
1613 3383 1642 3439 in
1658 3382 1723 3456 ipsa
1738 3382 1824 3440 Italia

120 3491 178 3530 non
193 3486 356 3542 consequor
366 3468 429 3540 jam
445 3464 657 3532 ambulantem,
675 3464 725 3520 sed
739 3481 792 3521 uec
807 3465 891 3525 deses
915 3472 943 3523 et
997 3471 1182 3538 audiebatur,
1198 3471 1227 3525 in
1244 3487 1301 3541 quo
1317 3469 1461 3543 regularis
1476 3470 1541 3525 vita
1556 3468 1710 3544 diligentia
1724 3488 1822 3528 serva·

119 3554 544 3619 totusherensterreullomotu
554 3553 780 3626 progredioraut
790 3554 940 3612 comitor.»
996 3562 1084 3616 retur.
1101 3558 1173 3625 Quia
1188 3559 1277 3632 igitur
1292 3575 1348 3631 quo
1373 3574 1403 3614 se
1428 3563 1552 3615 verteret
1567 3558 1730 3633 ignorabat,
1742 3560 1822 3632 qnod

156 3653 190 3707 18
204 3651 256 3707 llis
270 3647 361 3722 igitur
376 3643 473 3702 uerius
488 3643 658 3701 stimulatus
686 3647 714 3698 ct
738 3660 828 3717 supra
852 3661 941 3717 quam
996 3646 1093 3705 solum
1122 3651 1237 3720 poterat
1261 3647 1388 3704 virorum
1411 3648 1612 3720 quorundam,
1640 3665 1714 3721 quos
1742 3649 1823 3707 fama

119 3737 323 3797 aliasantehae
333 3735 509 3807 cujusquam
520 3730 652 3804 exemplo
662 3729 777 3788 virtutis
788 3749 941 3803 aecensus,
995 3738 1140 3811 vulgatior
1156 3738 1199 3772 ¹⁶³⁷
1211 3754 1228 3792 a
1239 3735 1423 3793 secularium
1433 3737 1651 3794 conversatione
1666 3737 1823 3811 sejungere

118 3830 154 3887 de
168 3825 349 3903 perfectioris
362 3823 426 3879 vitea
437 3821 621 3878 institutione
637 3820 694 3876 fixa
717 3826 814 3877 mento
830 3822 942 3880 delibe-
995 3825 1147 3883 videbatur
1173 3826 1310 3898 frequens
1339 3825 1442 3881 limina
1474 3826 1636 3894 obterebat,
1660 3841 1823 3901 eorumque

118 3921 173 3975 rat.
189 3915 325 3974 Studium
340 3913 440 3984 itaque
454 3908 589 3967 lectionis
605 3908 709 3965 divinae
733 3927 800 3966 cum
830 3911 941 3969 eisdem
995 3915 1159 3971 actionibus
1183 3915 1327 3983 intentus,
1345 3931 1396 3970 nec
1422 3916 1451 3970 in
1476 3915 1692 3973 conlaborando
1707 3915 1752 3952 ¹³³⁸
1780 3914 1824 3973 in·

118 4005 232 4063 ancillis
248 4004 298 4060 Dei
313 4017 431 4058 summa
444 4000 471 4054 vi
486 3997 587 4055 statim
603 3998 735 4070 arripuit,
761 4003 789 4054 et
812 3999 942 4072 primum
996 4001 1092 4072 fen'or,
1105 4018 1237 4058 mensem
1248 4001 1420 4074 plerumque
1436 4007 1532 4060 anteo
1546 4000 1684 4076 amplius,
1700 4019 1780 4060 nuno
1790 4003 1823 4061 iu

119 4110 207 4149 sacra
223 4089 404 4148 bibliotheca
420 4087 574 4143 historiam
584 4086 697 4143 Veteris
713 4103 746 4142 ac
762 4087 832 4143 Novi
844 4089 943 4145 Testa·
997 4092 1083 4147 iatius
1098 4108 1176 4146 nunc
1192 4090 1221 4145 iu
1236 4089 1317 4145 illius
1332 4090 1524 4147 contubernio
1535 4095 1563 4147 et
1574 4107 1691 4166 quoquo
1706 4094 1824 4165 poterat

118 4181 210 4238 menti
226 4193 399 4253 percurrens
413 4193 448 4232 ex
462 4175 585 4249 integro,
596 4173 702 4230 deinde
716 4191 901 4249 quecumque
912 4177 941 4233 in
995 4180 1134 4252 obsequio
1149 4179 1291 4252 exigebat.
1304 4180 1388 4237 Motis
1403 4197 1455 4253 per
1478 4181 1507 4236 id
1523 4181 1664 4253 temporie
1677 4181 1736 4237 duo
1748 4197 1821 4239 ceu·

117 4267 224 4326 divinis
243 4265 347 4323 officiis
369 4264 457 4320 certis
480 4263 662 4335 temporibus
688 4262 716 4318 in
741 4263 870 4321 aeclesia
889 4266 942 4323 fre
996 4268 1120 4325 tinentia
1133 4268 1196 4323 vitae
1213 4268 1356 4340 preconio
1372 4271 1444 4325 satis
1468 4268 1596 4326 celebres
1611 4269 1820 4340 habebantur;

117 4360 285 4434 quentatur,
300 4352 433 4411 lectionis
448 4351 516 4407 libri
530 4351 581 4424 qai
597 4350 719 4408 Comitis
733 4351 840 4409 dicitur
854 4355 941 4426 (362),
995 4357 1069 4413 alter
1091 4356 1253 4414 Botlandus
1276 4357 1354 4413 scole
1380 4362 1533 4415 cantorum
1558 4358 1589 4414 iu
1613 4359 1699 4416 domo
1724 4360 1820 4417 saneti

117 4445 264 4505 orationes
278 4447 307 4500 et
319 4443 344 4499 si
359 4459 418 4516 qua
432 4444 503 4497 sunt
517 4439 737 4497 sacramentarii
756 4441 786 4496 in
806 4458 879 4498 usus
894 4442 939 4498 di·
955 4467 979 4530 n
995 4446 1134 4518 Stephani
1151 4445 1357 4517 presidenaet
1368 4445 1398 4501 in
1410 4447 1615 4504 remotioribus
1625 4445 1744 4503 oratorii
1754 4464 1821 4505 san·

116 4554 226 4607 versos,
247 4532 363 4608 regulas
379 4529 622 4604 supputationum
642 4527 939 4604 temporaliumque
994 4534 1032 4590 cti
1048 4532 1289 4607 Michaelis‚quod
1305 4539 1367 4590 erat
1381 4533 1411 4590 in
1426 4534 1577 4607 superiora
1593 4536 1724 4607 ejusdem
1740 4536 1820 4594 basi-

117 4642 215 4685 eoram
230 4620 377 4680 antedicto
393 4619 517 4675 Bernero
533 4616 655 4674 diacono
680 4617 762 4690 prius
783 4635 818 4675 ex
846 4619 940 4676 multa
993 4623 1054 4678 licre
1069 4622 1161 4678 sancti
1178 4622 1331 4695 Stephani,
1346 4623 1539 4689 orationihus,
1555 4623 1688 4698 psalmis,
1712 4622 1820 4687 mism-

117 4720 199 4791 parte
214 4714 366 4789 relegerat,
384 4709 530 4767 memoria
554 4708 690 4766 vicaciter
712 4710 775 4782 (363
799 4715 832 4767 ut
853 4727 938 4768 nemo
993 4728 1117 4783 rumque
1127 4711 1487 4783 celebrationibus,noctes
1496 4711 1619 4785 diesque
1629 4710 1818 4783 continuans

116 4802 253 4878 superius
266 4796 491 4858 commendavit.
508 4797 654 4869 Praecpta
668 4795 813 4853 canonice
824 4797 939 4853 institu-
993 4799 1066 4857 alter
1078 4799 1378 4874 Warimbertusapud
1386 4801 1539 4858 basilicam
1554 4800 1648 4858 sancti
1659 4801 1819 4860 Salvsteris

115 4893 214 4961 tionis,
228 4891 283 4947 hoc
298 4894 343 4946 est
359 4888 476 4954 decreta
497 4884 698 4954 conciliorum,
719 4885 833 4957 judicia
856 4888 938 4960 peni·
992 4904 1049 4944 non
1065 4888 1150 4961 longe
1165 4906 1182 4945 a
1196 4888 1333 4945 claustris
1344 4889 1528 4961 clericorum,
1544 4889 1607 4962 pari
1622 4888 1818 4950 nihilominus

792 5010 914 5068 VAlllAE
933 5012 1141 5070 auctiorem.

149 5138 248 5193 ¹⁵³¹lto
263 5135 325 5191 Lol.
360 5134 497 5191 uistttutu
513 5151 584 5191 corr.
619 5133 790 5192 uestitutic.
830 5135 1280 5243 1Μἰιάὴιιορειαιζιιοοῐιαὺὺ.
1307 5154 1411 5209 parum
1436 5138 1564 5211 explicat.
1603 5138 1701 5196 ¹t³⁸ttc
1726 5141 1760 5209 t.;
1776 5145 1818 5198 at

115 5225 210 5283 quec.
245 5204 459 5262 ¹⁵³⁵solicitiam
475 5222 545 5263 corr.
561 5203 743 5263 solicitama.
783 5207 827 5243 'itt
843 5205 1001 5281 pluresque
1015 5225 1039 5264 c.
1079 5210 1111 5244 ¹⁵³
1137 5207 1314 5281 fulgatiorc.
1354 5210 1398 5245 ¹⁵⁸⁸
1415 5227 1447 5265 co
1466 5227 1472 5265 :
1489 5208 1648 5267 laborando
1659 5227 1684 5266 c.

907 5331 1024 5389 NO‘l'AE.

161 5461 209 5514 ³5¹
237 5456 306 5514 3⁰5¹·
320 5471 433 5529 dmm·
457 5523 463 5537 ,
522 5523 528 5537 ,
1027 5459 1099 5531 (363)
1114 5459 1144 5514 ld
1160 5462 1204 5515 est
1218 5460 1402 5530 per-recoctus

162 5530 215 5585 362
240 5529 413 5603 llieronymo
428 5525 539 5582 lrrbutr.
