3900 6090
148 258 205 317 lar

444 387 681 446 rostcommaata

186 507 221 561 Ut
235 506 296 561 hac
311 506 479 563 communio
495 523 559 577 nos,
575 505 706 569 Domina,
723 503 774 558 tihi
793 502 897 572 ‹lignos
910 502 971 556 efli-

149 595 215 664 ciat,
229 596 331 651 heatus
342 596 529 651 paternoster
539 591 727 648 adelwoldus
737 590 886 662 sullragio,
899 606 974 662 qure-

149 700 264 753 sumus,
281 683 335 756 pin
351 681 568 739 intercessionis
584 679 724 736 obtineat.
742 680 803 735 Per.

384 811 426 863 De
441 807 520 863 toris
535 806 741 876 peculiaritas-

186 924 325 978 Praeterea
333 920 821 979 beatusPaterAdelwaldushoras
829 921 977 994 regulares

149 1017 178 1070 ot
191 1011 353 1086 peculiares
374 1011 431 1068 sihi
448 1012 483 1067 ad
501 1010 649 1084 singulare
662 1010 811 1067 servitium
835 1008 974 1077 instituit,

151 1117 224 1174 quas
239 1100 270 1157 ia
285 1099 380 1157 trihus
395 1099 530 1156 cursibus
546 1099 689 1156 ordinarit
706 1117 711 1153 :
730 1098 896 1154 humillima
911 1097 975 1152 dili-

150 1189 249 1264 gentia
264 1205 395 1262 quosque
412 1190 559 1260 subjectas
570 1189 741 1254 admonens,
756 1190 787 1242 ut
802 1187 856 1242 hoc
867 1190 976 1242 secreto

151 1278 295 1336 famulatu
306 1277 406 1352 ignitis
417 1279 529 1334 Satanae
543 1275 731 1333 tentamentis
742 1275 894 1347 vigilantur
910 1274 977 1330 rcsi-

151 1372 270 1437 sterent,
285 1372 312 1423 et
322 1385 356 1424 ea
366 1385 418 1440 por
427 1367 477 1424 Dei
488 1367 611 1438 gratiam
623 1365 783 1422 resistendo
795 1368 976 1436 superarent,

151 1461 180 1514 et
195 1461 228 1514 ut
242 1458 314 1513 lidos
328 1474 392 1529 quac
409 1474 461 1529 per
478 1456 568 1511 nostri
585 1454 729 1510 Crantoris
743 1458 771 1509 et
786 1452 910 1526 piissimi
923 1453 976 1508 llo·

152 1546 313 1618 demptoris
329 1545 561 1601 incarnationem
582 1542 647 1599 luce
669 1541 777 1598 clarius
801 1540 916 1610 enituit,
934 1541 977 1596 in·

152 1638 247 1690 stante
256 1635 359 1691 sutura
371 1631 584 1706 persecutionis
592 1637 722 1705 tompore
732 1647 795 1703 quae
801 1632 864 1702 jam
875 1629 978 1687 vicinis

672 256 702 315 S.
728 254 987 315 ElllllLWOLDl
1009 251 1181 312 Wlnron.
1207 252 1329 312 EPISC,

987 383 1178 452 Antichristi
1202 384 1382 456 temporibus
1406 383 1527 457 ingruit,
1553 381 1634 440 nullo
1659 382 1755 450 modo,
1773 380 1852 453 quod

1793 247 1851 307 108

1028 474 1113 541 ahsit,
1130 472 1283 528 titubando
1303 473 1425 540 vacillet,
1443 474 1492 528 scd
1517 472 1563 529 his
1587 471 1693 528 divinis
1718 469 1854 525 roborata

1029 561 1181 636 praeconiis
1190 563 1302 635 integra
1305 563 1417 635 jugiter
1426 567 1453 617 ot
1466 561 1603 617 inviotata
1613 562 1791 633 permaneat.
1803 558 1854 614 Est

1028 651 1107 708 enirn
1123 652 1223 724 primic
1239 650 1408 723 psalmodia
1420 651 1564 707 cantilena
1579 651 1615 705 ad
1630 649 1748 705 laudem
1764 649 1853 703 beatae

1030 741 1080 798 Dei
1095 739 1245 814 genitricis
1257 756 1431 813 semperque
1440 739 1561 813 virginis
1572 739 1669 795 ltlariae
1684 740 1853 810 procurata3

1030 831 1159 886 secunda
1174 833 1272 886 autern
1283 830 1320 885 ad
1337 828 1476 886 honorem
1487 829 1639 884 beatorum
1655 826 1854 900 apostolorum
1899 900 1907 909 ἐ

1031 919 1106 975 Petri
1116 924 1143 974 et
1154 918 1233 975 Pauli
1245 918 1437 989 omniumque
1449 917 1539 973 nostri
1553 916 1711 974 Salvatoris
1721 915 1855 972 humani·

1029 1008 1081 1064 tati
1097 1007 1317 1080 presentialiter
1333 1006 1554 1074 saurulantium;
1570 1005 1656 1062 tertia
1669 1022 1735 1062 vero
1746 1006 1781 1062 ad
1799 1005 1857 1062 sul-

1031 1096 1123 1169 lragia
1132 1095 1264 1152 omnium
1274 1101 1443 1152 sauctorum
1459 1094 1644 1167 postulanda,
1654 1099 1797 1150 uteorum
1808 1093 1856 1167 pla

1031 1185 1239 1242 intercessione
1246 1186 1378 1259 protecti,
1390 1184 1598 1240 multiformem
1608 1183 1769 1258 versipellis
1778 1184 1857 1239 Anti·

1031 1273 1133 1329 christi
1150 1279 1178 1329 et
1194 1274 1394 1330 membrorum
1407 1275 1471 1346 ejus
1482 1273 1629 1329 fallaciam
1640 1289 1817 1347 expugnare,
1828 1277 1857 1328 et

1032 1362 1525 1418 Christoremunerantecoelestium
1535 1360 1857 1435 premiorumpalmam

1032 1468 1198 1508 mereamur
1208 1451 1349 1522 accipere.
1362 1454 1428 1518 Qun
1439 1451 1572 1507 videlicet
1584 1450 1661 1507 horre
1670 1449 1817 1523 plerisque
1827 1451 1856 1505 in

1032 1539 1104 1596 locis
1113 1539 1259 1595 hahentur
1267 1540 1409 1612 ascripta,
1421 1545 1448 1596 ct
1460 1541 1523 1597 idco
1534 1540 1564 1596 in
1575 1539 1630 1597 hoc
1638 1540 1777 1597 codicello
1788 1544 1858 1596 sunt

1033 1629 1245 1702 pretermissa.

957 1758 1056 1828 Trcpi.

367 1883 461 1940 Patris
477 1884 561 1939 adast
575 1883 670 1940 votiva
684 1885 757 1949 dies,
774 1886 927 1937 cantemus
941 1885 1069 1938 ovantes.
1086 1881 1187 1937 Statuit
1201 1883 1236 1936 ei.

369 1971 538 2028 Pontificem
553 1971 661 2044 templo
678 1971 733 2027 sihi
748 1986 835 2042 quern
852 1970 977 2026 sacravit
991 1969 1021 2026 in
1036 1970 1102 2025 isto.
1119 1971 1152 2025 Et
1163 1972 1325 2042 principem.

368 2060 445 2116 lntcr
460 2060 634 2133 apostolicos
651 2059 724 2116 stola
740 2057 910 2132 splendente
926 2059 1105 2115 hierarchos.
1125 2060 1156 2116 llt
1167 2062 1204 2115 ait
1218 2060 1271 2115 itti.

366 2148 545 2218 Adalwolde,
563 2149 612 2221 pia
625 2165 710 2222 proce
726 2166 780 2204 nos
795 2148 916 2203 delendo
931 2146 1071 2205 misellos.
1088 2149 1120 2203 la
1136 2156 1277 2204 eternam.

367 2236 476 2295 Presul
490 2236 679 2294 Adelwoldus
695 2237 764 2310 quia
779 2235 861 2293 fulsit
876 2236 906 2292 in
922 2235 1024 2293 ordine
1040 2253 1176 2308 magnus.
1192 2237 1293 2292 Statuit
1307 2240 1342 2292 rt.

367 2325 553 2383 Constituens
567 2325 651 2382 illum
667 2326 753 2382 hodic
768 2341 857 2397 super
871 2325 962 2380 athre
974 2324 1118 2397 polorum.
1136 2326 1169 2380 Et
1180 2327 1342 2398 prircipcm.

367 2415 473 2484 Gloria,
491 2415 638 2489 splendor.
654 2415 757 2483 honor,
775 2416 865 2470 decus
880 2418 908 2470 et
922 2413 1068 2471 veneratio
1085 2432 1198 2488 perpes.
1215 2415 1245 2470 ln
1260 2423 1401 2471 eternam.

411 2739 682 2829 EPIS'l'OLA
714 2739 1016 2827 WOLSTANI
1045 2736 1307 2827 MONACHI
1336 2739 1596 2824 weuram

663 2918 711 2974 aa
731 2915 902 2974 narncun
921 2913 1135 2971 wauraunu
1155 2914 1356 2971 narsoorun

393 3071 484 3133 Libro
500 3070 535 3130 de
559 3070 624 3133 aaa
644 3070 680 3132 S.
697 3068 851 3131 Swr'tiam'
862 3067 1003 3150 praefica,
1020 3068 1050 3127 in
1065 3085 1125 3148 qua
1139 3066 1234 3129 reialta
1250 3067 1283 3129 de
1296 3078 1395 3129 saneto
1410 3070 1630 3132 aruarworuo.

375 3329 489 3408 lncipit
504 3330 544 3390 ad
559 3330 722 3390 dominum
736 3327 879 3408 specialis
895 3326 1029 3407 epistola
1043 3328 1177 3401 Patrem,

375 3427 532 3506 Ellegum,
548 3430 663 3489 Wenta
677 3427 792 3488 residet
808 3427 863 3506 qui
878 3424 998 3505 proesul
1012 3424 1043 3485 in
1059 3425 1147 3497 urhe,

374 3527 418 3587 De
433 3526 533 3587 sancti
548 3527 649 3587 Patris
664 3525 819 3588 Swithuai
834 3523 1022 3603 insignibus,
1037 3523 1122 3583 etde

375 3623 509 3684 Basilica
524 3624 620 3696 Petri,
638 3630 756 3684 reserat
770 3622 825 3702 qui
838 3622 934 3683 limen
951 3619 1089 3698 Olympi,

156 3774 279 3831 Domino
294 3774 436 3848 pontifici,
453 3774 628 3830 chtanam
646 3773 777 3846 principe
791 3773 906 3829 Christo

190 3863 245 3930 Qui
259 3863 333 3937 regit
347 3862 519 3933 Ecclesiam,
537 3879 676 3936 prospera
692 3867 797 3919 cuncta
814 3878 917 3918 canam

156 3951 291 4010 Conferat
305 3951 437 4026 AEllhcgo
453 3953 534 4025 regui
549 3951 677 4009 coelastis
692 3951 844 4019 honorem,

190 4042 244 4108 Oui
261 4040 341 4098 dedit
355 4041 434 4098 huuc
447 4042 527 4097 omni
544 4041 713 4097 Pontificem
729 4039 848 4113 populo,

157 4127 222 4199 lpse
237 4128 290 4185 tibi
306 4146 407 4203 pacem
423 4129 533 4186 tribuat
547 4129 610 4186 sine
626 4132 683 4186 linc
698 4146 867 4203 perennem,

192 4215 243 4274 list
258 4217 310 4289 qui
325 4222 494 4275 sauctorum
510 4218 603 4292 gloria
617 4235 673 4290 pax
687 4224 716 4275 et
730 4219 833 4274 honor.

155 4304 214 4365 Hoc
230 4307 313 4379 cupit
328 4323 377 4364 ore
393 4308 451 4379 pio,
466 4307 547 4379 cupit
559 4307 613 4364 hcc
631 4307 788 4380 animoque
800 4306 937 4379 benigno.

191 4393 316 4454 Ultimus
340 4395 500 4469 Anglaruru
525 4396 658 4454 seruulus
684 4396 886 4470 hymnicinum
907 4397 937 4467 (i.
959 4411 983 4450 c.

783 4487 983 4557 (sanctorum).

156 4572 201 4629 Sit
216 4572 284 4631 licet
298 4591 374 4648 agra
389 4574 461 4631 mihi
475 4575 539 4632 sinc
554 4575 699 4648 dogmatis
715 4574 781 4648 igue
797 4573 921 4646 loquela,

192 4661 250 4720 Nec
265 4662 379 4720 valeam
396 4667 477 4722 tanto
494 4664 621 4720 scribare
634 4664 723 4736 digna
737 4663 797 4719 viro
813 4679 819 4717 :

156 4751 216 4808 Hoc
231 4756 331 4810 tamen
344 4752 483 4827 exiguum
499 4754 577 4826 quod
594 4753 691 4810 dolero
708 4769 817 4809 munus
833 4752 952 4817 amoris,

111 4876 115 4884 .
193 4839 405 4900 Commendare
422 4842 484 4912 tihi,
503 4858 608 4914 magne
624 4841 717 4908 Pater,
734 4840 835 4897 studui
853 4857 859 4894 :

156 4929 189 4987 lu
202 4946 260 5002 quo
275 4932 431 5004 perstriuxi
448 4950 512 5006 qua
528 4931 596 4987 lecit
611 4931 715 4986 llcctor
729 4928 843 5002 Olympi

194 5018 343 5076 swithuni
358 5021 470 5078 meritis
486 5020 586 5078 cmlioa
601 5019 686 5092 signa
703 5018 795 5075 Patris
813 5036 819 5074 :

1001 3758 1102 3837 BQua
1118 3787 1175 3828 nou
1192 3778 1358 3844 paupertas,
1377 3773 1426 3829 sod
1443 3778 1504 3829 crat
1520 3776 1641 3845 pensata
1655 3771 1800 3837 voluutas,

1077 3872 1143 3935 Quas
1159 3871 1267 3927 victum
1284 3872 1394 3943 sprevit
1408 3875 1436 3928 et
1450 3889 1504 3926 sua
1520 3876 1626 3926 cuncta
1640 3869 1729 3926 dedit.

1041 3967 1105 4022 Hac
1120 3968 1209 4041 igitur
1224 3970 1397 4025 commando
1414 3969 1466 4025 tibi
1482 3969 1659 4026 munuscula
1674 3968 1761 4035 Patri,

1076 4058 1142 4121 Oua
1158 4057 1220 4112 vovi
1237 4057 1360 4114 Domino
1378 4058 1497 4114 reddero
1512 4059 1598 4114 corde
1615 4057 1662 4130 pio
1679 4074 1684 4112 :

1041 4152 1076 4208 Ut
1090 4157 1140 4209 tua
1156 4154 1292 4227 dignetur
1307 4155 1368 4211 hac
1383 4156 1571 4213 corroborare
1587 4160 1725 4228 potestas,

1075 4246 1140 4298 llaec
1156 4247 1184 4298 et
1198 4244 1235 4299 ab
1250 4243 1364 4300 intestis
1379 4250 1530 4318 protegere
1546 4244 1662 4301 insidiis
1678 4261 1684 4300 :

1040 4340 1151 4413 Dignus
1168 4341 1326 4415 apostolica
1342 4341 1452 4399 resides
1467 4343 1517 4415 qui
1534 4341 1640 4416 presul
1656 4342 1685 4398 in
1701 4342 1778 4409 aula,

1076 4429 1200 4487 lustruis
1214 4435 1243 4486 et
1258 4430 1399 4504 papulum
1415 4431 1550 4503 dogmate
1566 4429 1752 4488 catholicum.

1040 4528 1157 4600 llccque
1172 4528 1386 4584 monasterium
1401 4527 1490 4584 variis
1506 4527 1658 4584 ornatibus
1670 4545 1768 4595 ornas,

1077 4617 1158 4672 latus
1175 4621 1203 4672 ct
1216 4616 1344 4672 exterius
1359 4615 1431 4672 illud
1450 4616 1558 4688 ubique
1573 4615 1681 4674 levans.

1040 4714 1120 4781 Quod
1137 4713 1285 4784 quondam
1301 4712 1448 4768 renovavit
1462 4730 1552 4770 ovans
1564 4715 1685 4771 antistes
1700 4713 1864 4783 adelwold,

1075 4801 1245 4858 Sollicitudo
1262 4799 1308 4858 oui
1324 4805 1407 4858 nocte
1423 4801 1529 4874 dieque
1544 4802 1599 4860 luit

1040 4898 1228 4959 Christicolas
1243 4916 1348 4973 augere
1360 4915 1473 4974 greges,
1491 4905 1577 4973 atqua
1592 4917 1640 4956 arc
1655 4905 1775 4974 paterno

1076 4990 1133 5045 llos
1149 5005 1216 5045 cum
1229 4988 1304 5046 lacte
1319 4988 1372 5046 soli
1389 4988 1462 5046 lacte
1478 4990 1587 5045 nutrire
1602 4988 1671 5062 pali.

158 5105 213 5189 220¹*
227 5122 315 5177 <luem
330 5125 437 5182 magua
452 5110 514 5166 suis
528 5107 669 5166 miracula
682 5107 805 5180 prahuit
818 5107 928 5180 Aegiis,
999 5135 1020 5203 C
1040 5086 1094 5155 Qui
1110 5085 1216 5144 Situm
1230 5086 1323 5142 firmis
1339 5086 1399 5145 haett
1414 5091 1519 5143 cunti&
1531 5086 1699 5144 habitacula
1714 5087 1816 5154 muris,

82 5254 89 5265 ,
194 5192 286 5250 Millia
300 5193 493 5268 languentum
510 5215 632 5271 corpora
645 5197 814 5254 sacrificans

158 5281 223 5340 llaec
239 5283 346 5341 etenim
365 5285 457 5342 cecini
472 5287 621 5360 magnalia
636 5303 763 5359 paupere
779 5289 875 5352 cantu,

194 5373 401 5431 Presumcudo
416 5373 485 5431 honi
501 5375 537 5432 dc
550 5375 677 5432 bonitate
693 5375 753 5444 Dei,

159 5460 287 5518 Grandia
302 5465 338 5520 tle
352 5463 483 5520 minimis
500 5467 544 5520 cst
558 5464 610 5535 qui
626 5481 747 5536 pensare
761 5469 872 5532 suetus,

194 5551 362 5626 Suscipiens
378 5554 470 5613 vidua
486 5551 556 5612 hina
571 5552 685 5610 minuta
699 5552 803 5611 lihcus.

1075 5175 1125 5231 llle
1140 5175 1227 5232 etiam
1242 5175 1325 5232 tectis
1340 5176 1411 5232 texit
1425 5179 1453 5232 ct
1467 5175 1531 5249 ipsa
1547 5174 1638 5232 novis.

1039 5275 1073 5330 llt
1089 5273 1202 5330 cunctis
1218 5274 1363 5331 decoravit
1376 5290 1466 5330 ovans
1480 5273 1508 5328 id
1525 5272 1696 5341 honoribus,
1713 5273 1830 5345 hucque

1076 5362 1178 5419 Dulcia
1193 5360 1313 5435 piscosa
1329 5361 1452 5418 [lumina
1467 5360 1554 5418 traxit
1568 5377 1651 5433 equa
1668 5378 1675 5420 :

1040 5463 1236 5534 Scccssusquo
1251 5459 1307 5517 laci
1323 5463 1475 5533 penetrant
1489 5463 1601 5517 secrete
1614 5459 1779 5529 domorum,

1075 5551 1249 5610 hluudautcs
1262 5547 1356 5607 tolum
1373 5565 1524 5607 murmure
1540 5549 1713 5608 caenobium.
