3900 6090
640 230 912 296 auataaaorus
931 225 1115 293 XROEIRP.
1139 232 1307 297 asdans.
1767 236 1830 301 ara

402 366 577 426 aristosa
595 367 680 426 XVII.
957 350 1095 434 Aneiai,
1112 366 1250 439 specialia
1264 372 1362 425 tamea
1379 384 1457 425 nune
1473 366 1831 431 beneficia-vestratem&-

216 477 253 517 an
274 474 458 516 aorsoanrrrnr
477 473 635 513 nersooennr
654 471 862 513 raanroarrsurr.
1007 471 1064 528 que
1079 455 1142 524 filii,
1164 462 1193 513 et
1208 457 1384 529 praeteritam
1409 459 1561 516 continent
1585 459 1783 533 dilectionem,
1803 466 1835 520 et

135 547 370 607 ''collectionem
380 548 583 619 episcoporum
596 549 715 618 proptor
729 563 793 618 quas
808 544 952 617 signifiea-
1007 545 1095 601 fidem
1110 549 1241 602 nostram
1257 547 1293 602 ad
1308 563 1360 603 ros
1371 564 1403 602 ac
1413 551 1525 605 vestros
1539 548 1700 621 plurimam
1712 556 1832 625 augent.

124 643 189 697 tum
205 640 320 706 estnon
337 654 402 693 esse
417 635 667 703 saetam,tarditati
685 633 801 707 perlatae
823 634 950 707 epistolar
1007 633 1093 690 Fovet
1107 639 1208 691 nostra
1223 634 1352 692 Ecclesia
1374 637 1613 711 interpracipuos
1627 638 1835 715 thesaurospi·

124 724 553 802 imputandumilisputabitur
567 728 665 781 autem
676 725 712 780 de
721 724 767 781 his
779 726 808 780 in
825 726 950 781 adventu
1005 738 1081 795 gnus
1091 728 1192 780 vestra
1208 723 1342 780 amicitias
1356 725 1433 783 eirca
1446 743 1509 782 nos.
1519 726 1633 784 Sentiat
1646 743 1716 802 ergo
1725 729 1831 794 beatus

118 822 230 885 restro,
247 821 276 873 at
290 816 315 872 si
331 815 373 870 ita
387 813 482 871 visum
495 814 593 883 luerit,
611 813 737 885 amplius
761 815 949 886 postmodum
1006 812 1157 891 Remigius
1168 818 1255 869 tanta
1270 813 1394 870 dominas
1410 815 1548 884 favorem,
1565 815 1590 874 si
1606 816 1670 874 deri
1685 819 1832 891 potastis

120 905 261 980 privatim
276 907 305 960 et
319 903 350 958 in
366 918 522 958 commune
552 901 772 957 deliberabitur.
796 901 948 969 Caeterum,
1005 902 1181 975 recipiendis
1195 903 1283 959 rebus
1297 903 1426 972 amissis,
1439 921 1505 960 eum
1520 909 1639 978 propter
1652 906 1699 963 sui
1713 906 1830 979 mer-ita,

122 993 175 1068 qui
190 994 280 1050 irater
295 1009 379 1048 meus
394 1008 425 1047 se
440 1006 551 1063 suaque
566 991 601 1045 ad
617 1007 668 1045 vos
690 991 833 1061 portinere
855 992 948 1061 putat,
1004 993 1068 1046 tum
1084 996 1203 1064 propter
1218 996 1318 1048 nostra
1328 992 1352 1048 si
1362 992 1588 1065 quapiscebunt
1601 994 1832 1054 exhibendaser·

120 1082 311 1154 multumque
326 1081 389 1153 spei
405 1097 464 1136 sura
480 1079 677 1135 salutisvabis
688 1078 950 1146 attribuit,Gnaite
1003 1081 1256 1138 vitia.Sentiamus
1266 1086 1295 1138 et
1305 1099 1359 1138 nos
1373 1083 1498 1155 gratiam
1504 1085 1568 1155 jam
1578 1084 1653 1141 bene
1663 1085 1828 1155 fundatam,

124 1186 191 1229 rum
207 1171 331 1228 militam
347 1187 364 1227 a
378 1169 547 1242 pervasione
558 1168 733 1241 praediorum
749 1168 795 1224 sui
811 1169 948 1225 Wazonis
1000 1168 1117 1226 scilicet
1131 1172 1163 1225 ut
1178 1168 1316 1243 legato,et
1328 1170 1434 1227 melius
1451 1171 1617 1244 scriptis,de
1626 1189 1664 1247 pa
1678 1178 1736 1233 aet
1749 1174 1830 1248 pacis

121 1261 260 1318 cohibere
274 1258 386 1315 debetis
403 1275 409 1314 :
427 1273 518 1331 eoque
533 1258 609 1312 facto
624 1261 653 1312 et
672 1256 824 1313 sinistrum
850 1274 947 1313 rumo-
1001 1258 1168 1315 conditione
1183 1275 1249 1314 cum
1265 1265 1365 1316 nestro
1381 1277 1447 1333 rege
1462 1260 1597 1317 habenda
1611 1260 1830 1336 digneminisi·

122 1366 185 1407 ram
200 1347 363 1418 vitabilitis,
375 1352 403 1405 et
414 1346 530 1423 proprio
546 1346 641 1403 ol'llcio
657 1363 715 1403 non
730 1346 858 1404 defuisse
873 1346 948 1406 vide
1002 1348 1141 1422 gnifieare
1156 1348 1304 1422 nobisper
1318 1350 1418 1406 omnia
1433 1351 1555 1422 paratis,
1568 1357 1713 1424 quantam
1731 1353 1832 1411 issem

120 1438 238 1496 himini.
998 1438 1090 1495 iidem
1105 1438 1336 1496 sincerissimam
1350 1439 1495 1498 exhibere.
1504 1439 1609 1514 Sisque
1623 1440 1712 1499 saluti
1725 1447 1831 1502 vestra

388 1524 565 1582 EPlS'lOLA
583 1524 679 1582 XVllI.
1002 1545 1035 1584 ac
1059 1532 1163 1585 nostre
1179 1528 1380 1588 incommune
1405 1530 1511 1587 meiius
1534 1531 1696 1604 poterimus
1721 1548 1830 1593 consa

442 1631 478 1671 an
493 1628 626 1671 ananau.
1000 1615 1069 1674 iera.

156 1708 189 1764 ai
214 1706 264 1780 qui
289 1721 357 1762 cum
381 1704 512 1776 sapiente
537 1703 680 1760 rationem
704 1704 865 1763 instituerit
888 1723 986 1806 nean
1273 1708 1449 1766 arrarum
1468 1707 1554 1765 XXll.

120 1797 216 1856 multa
231 1795 362 1853 eratione
377 1792 614 1850 inlaborandum.
631 1795 712 1860 Quod
724 1795 829 1851 vestr-is
845 1795 947 1851 viere
1119 1814 1155 1853 aa
1175 1814 1308 1855 aaronitas
1327 1814 1459 1855 enarrari
1478 1812 1708 1858 cauarroeasrrrr.

121 1893 206 1961 ptam
215 1882 715 1954 estraslituetur.Fideispondentis
728 1883 946 1941 amiciereditc.¹
1034 1878 1175 1943 Praeclara
1193 1887 1312 1960 quidem
1327 1886 1490 1944 exhortatio
1513 1892 1614 1944 vestra
1633 1887 1663 1946 in
1687 1904 1827 1962 pervaso·

118 1977 152 2036 Si
167 1977 197 2032 i'd
213 1975 285 2032 satis
302 1990 360 2030 non
375 1972 531 2040 catalasca
547 1972 708 2046 accipiatur
722 1974 759 2030 ab
775 1973 823 2031 his
836 1974 945 2047 quibus
999 1991 1071 2033 rem.
1085 1976 1141 2032 Sed
1157 1993 1224 2033 cum
1240 1976 1382 2050 scriptum
1398 1977 1438 2033 sit
1454 1993 1460 2032 :
1475 1977 1543 2046 Qaoe
1555 1978 1635 2052 capa
1646 1976 1721 2037 raas
1734 1981 1829 2053 [aurs

118 2076 177 2125 sua
189 2081 295 2123 aursus
309 2060 424 2119 restitui
439 2060 654 2130 eravimus,nec
669 2062 864 2120 differendam
879 2080 945 2136 pro·
998 2072 1024 2121 el
1037 2065 1140 2134 doecre,
1156 2082 1209 2122 cur
1223 2066 1337 2122 diversa
1352 2065 1485 2139 imperia,
1498 2066 1614 2123 diversa
1627 2065 1691 2124 eoeli
1705 2066 1831 2129 climata

120 2162 187 2232 pter
198 2153 339 2212 instantis
358 2151 414 2208 lori
439 2150 654 2220 necessitatem,
675 2157 705 2208 et
728 2153 848 2224 quiade
862 2154 944 2212 vohis
999 2155 1189 2228 praetenditis,
1202 2159 1235 2211 ut
1249 2154 1285 2224 ei,
1301 2170 1390 2227 quom
1406 2170 1489 2211 reum
1506 2155 1664 2225 statuistis,
1679 2155 1748 2216 aliis
1767 2175 1828 2218 rrea

116 2246 231 2321 optime
245 2240 461 2317 presumimus.
471 2240 547 2297 Dum
562 2240 623 2297 hac
639 2240 944 2312 dictavimus,ohsides
999 2243 1828 2305 communicantibuscommunicetis?Restiteruatsaucir'

118 2335 157 2395 ab
170 2336 291 2394 obsesso
306 2335 411 2403 castre,
427 2334 461 2387 ut
474 2331 505 2387 in
520 2331 681 2388 crastinum
708 2332 865 2401 reddendo,
890 2348 944 2390 nos
998 2333 1099 2391 Patres
1114 2333 1285 2402 heresibus,
1302 2347 1355 2390 nec
1371 2335 1548 2406 putaverunt
1563 2332 1601 2390 ad
1614 2344 1649 2389 'se
1663 2346 1723 2391 non
1737 2333 1828 2408 parti·

118 2424 268 2499 accepisse
282 2421 493 2496 significamus.
509 2420 593 2477 idetis
608 2419 788 2493 colloquium
810 2422 944 2480 domino·
998 2440 1066 2481 nere
1081 2420 1225 2497 quidquid
1240 2418 1327 2480 alicui
1343 2421 1419 2479 male
1433 2426 1550 2496 gestum
1565 2421 1695 2481 audiere.
1705 2420 1828 2485 arasa

118 2531 187 2574 ram
202 2513 372 2572 habendum
387 2515 441 2582 est,
455 2526 507 2567 vos
522 2526 611 2583 qaam
628 2509 790 2584 plurimum
803 2511 944 2571 iuteresse
997 2513 1105 2586 quippe
1115 2511 1244 2572 Ecclesia
1253 2510 1463 2569 catholicatoto
1470 2512 1694 2571 terrarumerhe
1705 2510 1825 2577 amon.

118 2609 268 2679 aptamus.
284 2602 314 2661 Si
329 2601 462 2659 relictam
478 2603 511 2656 ut
525 2599 695 2656 institutum
710 2603 891 2669 astoensem
902 2602 944 2658 el·
996 2600 1093 2659 Verba
1105 2605 1202 2658 vestra
1216 2604 1296 2671 sunt,
1308 2600 1367 2658 imo
1381 2616 1435 2674 per
1447 2618 1498 2659 vos
1514 2600 1609 2658 sancti
1624 2600 1825 2679 Spiritus-liae

118 2694 267 2753 lectricem
295 2709 348 2767 por
374 2708 425 2749 voa
454 2706 541 2747 nossa
567 2689 746 2746 laboramus.
777 2691 851 2757 Quid
884 2690 943 2764 pri·
997 2689 1052 2749 erit
1065 2689 1174 2748 Christi
1190 2689 1295 2758 ildelis,
1312 2690 1359 2746 cui
1374 2690 1435 2747 hac
1451 2690 1608 2748 ambitiosa
1622 2690 1748 2750 audacia
1763 2678 1824 2753 aaa

115 2785 209 2844 ratim
228 2800 280 2842 vos
303 2783 378 2841 scire
402 2779 558 2854 oportebit,
575 2779 688 2853 privata
702 2779 848 2838 docebunt
868 2785 942 2838 tem·
996 2780 1047 2838 det
1059 2776 1251 2837 detestabilis.
1268 2778 1459 2836 Detestamini
1474 2794 1542 2853 erge
1556 2795 1824 2853 perraacrsrum·

119 2889 200 2949 pora.
995 2870 1050 2927 tiat
1061 2886 1113 2927 vos
1127 2867 1183 2927 sibi
1199 2886 1256 2926 non
1267 2869 1374 2939 farere,
1388 2886 1447 2926 nen
1462 2868 1518 2925 sibi
1533 2869 1765 2941 communicare,
1786 2886 1823 2929 aa

397 2959 573 3016 aristosa
590 2958 661 3016 XlX.
995 2977 1048 3034 per
1058 2975 1109 3016 vos
1122 2974 1180 3015 nen
1191 2956 1287 3015 selum
1294 2973 1427 3032 quosque
1435 2957 1587 3032 religiosos
1595 2957 1686 3015 vestri
1696 2958 1822 3031 ordinis,

178 3070 214 3109 an
233 3066 385 3107 senaarurr
403 3062 653 3106 ancararrscorrrrr
671 3064 880 3104 rnavrnnrrsrrrr.
997 3049 1150 3107 sedetiam
1166 3047 1190 3103 si
1206 3046 1268 3104 lteri
1283 3051 1379 3122 potest
1394 3046 1516 3104 Romani
1529 3046 1720 3120 pontilicisao
1734 3047 1824 3106 mua

155 3142 218 3198 Non
233 3143 403 3196 exsecutum
418 3137 569 3209 essequod
580 3137 616 3192 ab
627 3138 698 3193 urbe
709 3137 896 3193 Virdumcnsi
907 3139 942 3194 do
957 3112 979 3182 c
997 3140 1084 3195 dictis
1100 3136 1207 3210 urgeri.
1218 3138 1255 3193 Et
1268 3138 1414 3210 quomodo
1430 3152 1492 3193 rem
1506 3138 1540 3192 ut
1553 3138 1617 3193 arat
1631 3136 1822 3210 cognovistis,

119 3230 216 3289 reditu
231 3227 330 3285 fratris
343 3228 377 3284 G.
393 3224 607 3294 mandavimus,
624 3225 718 3281 acrior
730 3242 801 3281 cura
816 3243 941 3299 prasen-
996 3228 1143 3302 cognitam
1156 3227 1318 3283 secundum
1333 3224 1505 3299 dignitatern
1520 3222 1609 3281 vestri
1625 3224 1755 3281 neminis
1778 3226 1822 3282 di·

59 3303 65 3313 ’
119 3321 195 3378 tium
210 3323 341 3391 tempere
351 3315 530 3383 eileoit,dum
540 3318 569 3371 et
580 3315 657 3386 quod
669 3313 808 3371 nolumus
819 3316 942 3373 necessi·
991 3315 1149 3391 J'udicastis
1166 3332 1173 3370 :
1190 3332 1243 3372 nos
1257 3314 1409 3388 nostrique
1417 3330 1520 3371 omnes
1529 3312 1610 3371 velut
1624 3312 1762 3372 fidissimi
1772 3331 1822 3375 oo-

118 3413 164 3466 tas
179 3408 315 3475 infestet
330 3404 407 3478 quod
421 3402 557 3460 volumus
571 3403 762 3460 auleatNunc
777 3405 896 3461 tandem
906 3421 943 3461 aa
996 3407 1083 3463 mites
1097 3409 1212 3462 tantum
1227 3404 1332 3461 decern
1347 3420 1515 3476 sequemur,
1532 3419 1585 3460 uec
1600 3418 1731 3478 uuquam
1751 3402 1824 3462 huia

118 3495 320 3557 benemeritis
335 3509 528 3567 appareamus
543 3490 826 3566 ingrati,ciementia
840 3498 942 3550 vestras
996 3494 1142 3569 pervasori
1157 3509 1191 3549 ac
1205 3496 1265 3548 tam
1278 3493 1369 3565 probo
1384 3492 1518 3566 improbe
1534 3491 1706 3566 approbato,
1723 3494 1823 3551 vestro

118 3590 153 3644 ut
164 3578 323 3661 pes'aumus
338 3583 529 3650 remittimus,
545 3581 600 3638 hoc
615 3598 708 3639 unum
723 3601 741 3638 a
755 3580 841 3638 solita
854 3583 941 3640 bene·
996 3585 1059 3642 sine
1070 3585 1159 3658 jussu
1169 3580 1464 3640 communicabimus.

117 3675 244 3734 volentia
269 3677 366 3731 vostra
389 3675 567 3746 expetentes,
584 3675 617 3727 ut
636 3671 802 3745 experiatur
814 3675 941 3729 vestram
1261 3671 1437 3728 EPlSTOLX
1456 3670 1553 3728 XXIII.

118 3764 320 3824 affabilitatem
334 3763 372 3821 ab
387 3766 519 3819 nostram
534 3760 829 3829 commendationem,
850 3765 889 3830 et,
916 3760 941 3818 si
995 3782 1031 3823 ao
1059 3778 1213 3821 soaraourr
1242 3759 1425 3836 [ramanusd
1456 3776 1588 3817 ramma
1616 3774 1822 3840 maeatarum.

118 3871 190 3930 pace
202 3857 299 3912 restra
313 3852 376 3910 fieri
391 3855 499 3926 potest,
514 3867 550 3908 na
577 3855 674 3908 careat
697 3850 806 3908 studiis
828 3850 937 3924 quibus
1031 3857 1098 3921 Quae
1113 3868 1229 3909 morum
1243 3850 1371 3925 gravitas
1394 3849 1476 3906 vobis
1500 3849 1583 3919 insit,
1600 3864 1691 3922 quam
1708 3846 1826 3926 integer·

117 3943 281 4018 impensius
293 3956 411 4015 operam
426 3941 495 3996 dare
510 3938 664 4013 disposuit.
994 3943 1059 4000 vitre
1075 3945 1169 4007 aetus,
1185 3957 1274 4013 quam
1298 3954 1406 4012 purum
1425 3936 1587 4011 eloquium,
1602 3935 1706 3995 litterar
1718 3940 1824 3997 vestra

402 4028 577 4085 arrsrota
594 4028 652 4085 XX.
996 4031 1092 4106 palam
1109 4030 1355 4101 ieceruntltaque
1368 4028 1502 4086 studium
1518 4026 1634 4101 pietatis
1644 4027 1825 4086 aesavarita·

291 4134 328 4174 ao
342 4134 494 4174 mararura
509 4133 769 4174 anoarerrseorurr.
994 4121 1033 4179 tis
1046 4126 1147 4179 vestre
1158 4119 1248 4175 movit
1259 4134 1312 4174 nos
1326 4117 1369 4175 ire
1385 4118 1415 4175 in
1429 4118 1555 4174 vestram
1569 4115 1824 4186 mutantiamflir·

154 4207 583 4277 Quamvissciamexrotomco
596 4206 677 4263 nulla
687 4207 941 4265 beneficiavestris
996 4227 1052 4285 qao
1067 4209 1115 4266 ille
1129 4209 1188 4265 Deo
1203 4206 1318 4281 plenus,
1334 4206 1370 4264 ad
1387 4221 1474 4280 quem
1490 4202 1614 4262 multam
1627 4203 1717 4263 adam
1732 4202 1824 4265 habe

29 4304 34 4316 '
118 4293 421 4369 meritisrespondere
437 4310 534 4369 posse,
554 4299 658 4352 aestuat
672 4298 771 4352 tamur
786 4295 942 4353 animaset
995 4316 1073 4358 mus.
1089 4295 1334 4356 Submovebimus
1349 4311 1418 4369 erge
1434 4293 1519 4351 illum
1533 4290 1680 4368 perll'dam
1694 4310 1714 4353 a
1728 4288 1823 4353 sonia·

117 4386 238 4463 quodre
251 4388 363 4459 nequit,
380 4383 515 4457 sequitur
526 4380 640 4441 allecto.
657 4383 843 4458 Privileglum
852 4384 941 4442 vestri
996 4392 1055 4446 tata
1078 4390 1179 4444 nostra
1203 4389 1431 4457 nestrorumque
1451 4381 1564 4456 judicic
1586 4384 1743 4441 mutorum
1763 4381 1822 4441 'Pa-

118 4477 227 4535 amoris
242 4476 320 4533 cirea
331 4491 385 4531 uos
400 4488 599 4547 saepenumero
620 4473 736 4542 litteris,
748 4490 941 4548 sepenumero
955 4474 982 4555 Β
994 4484 1084 4547 trum,
1101 4476 1185 4549 isque
1200 4474 1286 4531 uobis
1300 4472 1458 4531 habebitur
1471 4470 1576 4541 hostis,
1592 4471 1643 4545 qui
1657 4471 1690 4531 iu
1703 4470 1824 4531 mtur-

117 4564 239 4635 nuntiis,
257 4578 456 4638 saepenumero
471 4562 559 4619 rebus
572 4562 646 4635 ipsis
661 4563 769 4635 experti
786 4563 940 4620 sumusltt
993 4569 1066 4626 tiam
1081 4563 1229 4622 reverendi
1244 4562 1336 4638 patris
1351 4560 1461 4633 Maioli,
1478 4560 1591 4618 calendi
1602 4558 1694 4637 paliis
1719 4558 1825 4621 laban

116 4655 257 4730 qnoniam
272 4657 390 4710 sanctas
399 4652 555 4725 petitiones
565 4666 617 4724 pro
628 4651 714 4707 nabis
724 4651 847 4708 Domino
858 4652 940 4708 obtu-
994 4657 1023 4713 di
1038 4655 1133 4712 dicere
1149 4669 1208 4709 non
1225 4651 1349 4708 dicenda
1364 4648 1614 4717 attentabitssuod
1625 4648 1651 4705 si
1664 4648 1824 4709 Divinitala

115 4743 204 4813 listis,
220 4759 309 4817 quam
325 4758 382 4797 non
398 4741 525 4797 inaniter
539 4758 589 4796 eas
604 4739 776 4807 effuderitis,
793 4741 878 4797 testis
894 4743 940 4797 cst
995 4745 1122 4818 propitia
1137 4743 1263 4799 lavarem
1280 4740 1447 4816 principum
1464 4737 1676 4808 obtinebimus,
1701 4738 1741 4797 ad
1761 4738 1824 4798 hac

116 4831 318 4891 benevolentia
333 4831 458 4887 (lomina
472 4831 610 4903 Auguste
627 4829 711 4884 nohis
728 4829 841 4885 reddita
849 4847 878 4886 vr
889 4829 943 4886 Nc·
996 4833 1079 4890 utilia
1095 4831 1392 4904 majorajungamus.

117 4941 171 4980 nas
186 4922 319 4979 Martias.
331 4922 393 4986 Qua
408 4921 455 4976 die
470 4918 701 4992 gloriosissimus
715 4936 764 4974 rex
775 4919 940 4989 Lotharius,
1264 4917 1440 4975 aristosa
1457 4916 1552 4973 XXIV.

117 5013 295 5069 Francorum
312 5009 510 5065 clarissimum
526 5009 620 5074 sidus,
643 5008 753 5063 mundo
773 5007 942 5064 subtractus
1048 5026 1084 5066 aa
1105 5022 1320 5065 rarsmrnrcara
1338 5020 1545 5064 raroraarrrarr
1564 5022 1598 5061 aa
1615 5021 1653 5062 ae
1671 5023 1775 5065 rruurr

117 5105 173 5158 est.
189 5100 227 5170 ls,
243 5115 330 5173 quern
344 5097 474 5154 caruisse
487 5097 578 5171 regali
592 5097 688 5170 gratia
703 5098 839 5170 putastis,
860 5095 942 5156 nulla
1336 5114 1476 5154 maara.

119 5188 316 5247 familiaritate
332 5186 465 5243 seclusus
481 5191 535 5242 est.
1032 5191 1063 5246 ln
1080 5204 1168 5262 quem
1181 5185 1334 5244 cumulum
1351 5187 1395 5242 ira
1410 5186 1548 5259 furorque
1561 5184 1680 5263 regiain
1695 5202 1823 5263 aospro

396 5276 572 5333 EPISTULA
590 5275 660 5332 XXI.
996 5277 1203 5353 ruperit,testis
1220 5279 1265 5332 est
1278 5277 1407 5349 impetus
1422 5276 1486 5348 ejus
1500 5277 1674 5350 repentinus
1687 5279 1720 5333 et
1733 5275 1821 5350 inopi·

280 5385 316 5424 ao
334 5381 539 5422 rasoraaararr
560 5381 784 5421 rarsmrnrcrrrr.
996 5372 1095 5433 natus,
1109 5365 1214 5439 vixque
1229 5365 1292 5422 sine
1311 5363 1406 5422 multa
1429 5363 1507 5421 cade
1530 5366 1660 5439 partium
1675 5364 1820 5441 capuana

152 5460 188 5516 llt
201 5458 225 5516 si
241 5458 384 5514 haetenus
399 5471 449 5511 vos
464 5454 501 5510 ob
517 5454 720 5512 meritavcstri
731 5455 783 5511 viri
799 5454 940 5513 excellan-
996 5457 1050 5524 Qui
1064 5455 1115 5512 fidi
1131 5454 1305 5512 internuntii
1321 5459 1414 5523 eraut,
1431 5456 1528 5513 castra
1542 5455 1669 5525 diruere,
1686 5472 1753 5529 quar
1767 5452 1821 5513 aab

117 5544 776 5618 tissimihugustisamperquememorandi‚at
790 5546 939 5604 dominam
994 5549 1088 5604 vestro
1117 5543 1258 5618 regimine
1276 5549 1355 5615 sunt,
1372 5543 1457 5602 uobis
1486 5545 1698 5619 imperabant:
1720 5534 1821 5603 Mam
