3900 6090
122 265 181 328 '189
770 271 821 333 DE
844 271 936 334 viva
959 267 991 330 S.
1014 269 1177 333 JULlANl.
1767 270 1828 341 'stt

123 398 273 475 suscipiet.
285 403 321 458 At
332 419 397 458 vero
405 400 449 458 vir
466 403 523 460 Deo
537 401 785 478 plenus,genibus
797 405 826 459 in
838 408 946 475 terram
959 401 987 470 A
1002 406 1061 459 tate
1077 406 1251 478 supradicta
1276 407 1472 480 possessionis
1495 407 1666 466 beatissimo
1686 409 1826 484 magistro

123 491 260 558 curvatis
277 491 369 547 oculis
393 509 426 546 ac
447 493 584 549 manibus
608 493 638 549 in
665 493 771 549 coelum
796 493 947 565 porrectis,
1004 495 1190 550 contradunt.

122 580 236 635 cunctis
247 580 437 637 audientibus
449 581 521 636 dixit
533 599 539 637 :
553 582 675 637 Domine
690 582 760 638 Jcsu
771 581 948 653 Christe,qui
1038 583 1083 636 20.
1100 583 1221 640 llxcitsti
1239 585 1316 641 lama
1341 585 1420 656 laeti,
1436 592 1594 642 accurrunt
1615 587 1714 658 vicini,
1730 590 1760 644 et
1772 584 1828 659 {atii

120 669 231 741 ubique
241 686 368 741 prensens
380 671 475 742 es,qui
487 688 537 743 pro
548 674 647 726 nostra
656 670 854 743 redemptione
862 670 949 725 homo
1004 672 1123 742 quidem
1137 678 1364 746 prosequuntur,
1377 674 1426 730 alii
1442 675 1589 743 cellulam,
1601 677 1630 730 in
1647 693 1704 749 qua
1718 675 1762 731 vir
1776 675 1828 733 Dei

122 758 184 813 steri
201 759 330 824 voluisti,
346 763 374 813 ot
390 760 467 814 iuter
482 760 615 815 homiues
630 777 774 832 apparens
794 777 845 832 per
859 758 949 814 vexil·
1000 760 1133 831 jacuerat
1147 764 1325 834 irrumpunt,
1338 763 1492 836 locumque
1513 764 1562 819 ubi
1579 765 1672 820 sancti
1689 768 1830 821 steterant

120 844 182 901 lum
199 847 295 901 crucis
310 850 365 901 tuae
382 848 418 902 ab
434 847 564 902 humano
586 865 692 920 genere
712 852 834 903 mortem
852 847 949 902 exclu-

121 936 278 1006 sisti,jube
296 940 326 990 ut
341 941 475 1007 resurgat
486 937 656 993 adulescens
668 937 732 1004 iste,
747 942 780 992 ut
791 938 864 991 tanti
883 937 949 991 lereti

120 1025 261 1095 potentia,
277 1030 306 1080 et
327 1025 398 1080 fides
423 1025 604 1080 credentium
631 1027 659 1080 in
690 1031 716 1081 te
743 1026 951 1094 roboretur,et

121 1113 373 1177 noncredeutium
382 1115 469 1168 corda
480 1115 654 1181 subdantur,
667 1132 718 1186 per
727 1118 753 1170 tc
764 1115 950 1187 unigenitum

120 1200 171 1256 Dei
187 1201 350 1274 vivi,quem
365 1220 431 1258 cum
445 1203 528 1258 Patre
545 1208 573 1259 et
585 1203 695 1275 Spiritu
711 1209 813 1260 saneto
830 1220 952 1277 regnan.

119 1293 179 1345 tem
191 1294 220 1345 et
239 1291 440 1346 dominantem
461 1292 637 1346 confitemur
655 1293 684 1347 in
703 1292 810 1348 secula
830 1291 950 1348 seculo-

120 1396 197 1434 rum.
212 1378 468 1451 Respondentibus
479 1380 626 1452 fidelibus,
639 1381 688 1452 qui
702 1380 835 1450 aderant,
847 1383 949 1451 Amen,

119 1468 205 1540 quasi
223 1485 357 1523 asomuo
373 1468 542 1524 adolescens
560 1469 654 1541 surgit
669 1487 686 1524 a
701 1470 816 1538 feretro,
830 1475 858 1526 et
873 1470 951 1526 elaea

116 1572 198 1624 vose,
210 1556 324 1612 cunetis
336 1557 469 1613 miraculi
482 1558 611 1615 novitate
623 1557 776 1631 perculsis
790 1560 879 1632 coepit
891 1559 950 1617 ela·

117 1661 200 1701 mare
210 1663 217 1699 ;
226 1645 297 1702 Vere
310 1663 435 1718 magnus
447 1647 523 1702 Deus
533 1646 767 1703 Christianorum
780 1664 868 1720 quem
881 1665 952 1721 pre.

1004 849 1102 921 pedes,
1116 851 1225 905 crebris
1245 852 1463 924 amplectuntur
1479 853 1597 921 osculis,
1609 858 1638 908 et
1661 858 1694 909 ut
1709 853 1828 909 benedi-

1004 938 1110 993 ctionis
1123 940 1187 1009 ejus
1198 946 1348 1013 compotes
1364 943 1481 1007 fierunt,
1494 943 1626 996 certatim
1639 942 1830 1014 precedentis

1003 1026 1126 1099 vestigia
1136 1025 1247 1100 legunt.
1256 1029 1342 1084 Porro
1352 1030 1542 1085 beatissimus
1553 1031 1587 1085 ad
1598 1047 1698 1101 preces
1709 1046 1830 1103 soquen-

1004 1115 1078 1170 tium
1090 1118 1376 1186 conversus,clevata
1391 1136 1479 1174 manu
1497 1122 1617 1173 cunctos
1633 1118 1789 1188 benedixit,
1801 1123 1830 1175 et

1005 1201 1116 1275 onine's,
1130 1207 1179 1278 qui
1192 1207 1268 1262 inter
1278 1225 1328 1264 eos
1339 1207 1436 1280 aliquo
1445 1207 1618 1263 laborabant
1634 1208 1828 1275 incommodo,

1005 1294 1116 1366 absque
1132 1294 1258 1367 alicujus
1274 1314 1362 1353 morte
1383 1296 1603 1363 interventione,
1620 1295 1749 1369 pristinas
1769 1314 1829 1354 res·

1005 1381 1085 1437 tituit
1100 1384 1248 1439 sanctitati
1265 1387 1324 1456 (ul,
1342 1387 1481 1458 sanitati).

1329 1475 1445 1531 CAPUT
1465 1475 1502 1531 lll

1165 1563 1227 1618 Alia
1243 1565 1395 1630 miracula,·
1415 1564 1529 1621 adversa
1544 1565 1666 1621 tolerata

1041 1652 1086 1705 21.
1097 1651 1258 1707 Procedens
1270 1652 1338 1708 inde
1348 1653 1624 1722 beatissimus,cum
1631 1654 1694 1724 jam
1709 1654 1828 1726 propin·

117 1734 198 1790 dicat
213 1751 314 1790 servus
331 1736 395 1806 ejus
409 1734 557 1790 Julianus.
569 1736 612 1790 Ad
624 1740 737 1808 patrem
749 1752 865 1808 quoque
882 1737 924 1793 ait
941 1756 947 1792 :
964 1773 987 1838 B
1005 1742 1107 1810 quaret
1121 1740 1194 1808 vico,
1211 1741 1260 1813 qui
1276 1745 1397 1797 vocatur
1412 1741 1574 1808 ltuiliacuS,
1591 1741 1640 1814 qui
1656 1742 1770 1813 positus
1784 1744 1829 1798 est
1889 1800 1899 1821 ι

116 1824 191 1880 Vere
211 1841 289 1879 nunc
306 1841 400 1896 usque
416 1841 433 1879 a
448 1825 505 1879 Deo
521 1841 587 1880 vero
614 1827 788 1889 erravimus.
811 1843 880 1882 nam
907 1828 945 1883 dii

118 1930 194 1986 quos
205 1912 341 1980 colimus,
357 1930 407 1984 pro
423 1918 500 1970 certo
517 1913 663 1969 demones
688 1918 767 1969 sunt.
785 1915 851 1970 Vidi
868 1917 945 1972 enim

117 2000 449 2068 eosininierno,etvidi
461 2003 598 2074 quianon
610 2008 672 2060 erat
685 2003 726 2059 eis
739 2005 855 2077 requies
864 2022 881 2061 a
891 2009 947 2061 tor·

118 2092 239 2146 montis.
254 2094 290 2146 at
304 2109 369 2147 vero
391 2096 562 2146 cunctorum
588 2092 716 2149 elamore
731 2093 761 2147 in
776 2093 880 2150 eoelum
897 2112 945 2151 su-

117 2180 209 2249 blato,
227 2180 360 2236 Christus
377 2182 412 2236 ab
429 2179 564 2236 emnibus
581 2182 799 2254 magnificatur,
810 2181 946 2238 Christus

116 2286 204 2325 verus
220 2268 298 2326 Deus
313 2269 498 2341 predicatur,
515 2275 544 2325 et
566 2269 694 2325 famulus
717 2271 780 2342 ejus
796 2269 944 2338 Julianus,

117 2358 249 2415 renitens
264 2357 451 2430 multumque
467 2358 626 2426 reluctans,
638 2358 673 2414 ab
685 2358 822 2414 omnibus
843 2360 944 2415 adora·

118 2453 178 2503 tur.
190 2449 226 2504 ut
236 2448 266 2504 bi
279 2447 368 2520 igitur
378 2464 429 2520 per
440 2448 676 2520 predicationem
689 2449 747 2504 Deo
758 2448 838 2521 digni
850 2449 944 2521 ponti·

118 2537 184 2594 licis
195 2537 313 2609 copiosa
324 2536 481 2592 multitudo
497 2536 716 2593 rationabilium
736 2536 861 2609 piscium
877 2536 944 2592 fidei

119 2643 230 2699 sagena
246 2624 376 2692 collecta,
389 2628 418 2681 et
433 2626 467 2680 ad
485 2642 557 2681 verae
568 2624 748 2681 credulitatis
763 2624 890 2682 solidum
902 2625 946 2681 lit·

119 2720 168 2770 tus
185 2732 201 2770 a
216 2714 370 2787 profundis
385 2730 516 2770 errorum
533 2714 660 2770 tenebris
673 2714 778 2770 educta
792 2719 845 2770 est.

159 2803 354 2860 taJamtune
372 2802 629 2874 ergovelutdivini
650 2803 793 2860 exereitus
813 2803 944 2876 signifer,

119 2891 187 2948 aliis
210 2892 453 2964 precedentibus,
468 2891 534 2947 aliis
554 2892 744 2964 sequentibus
759 2892 857 2947 vitalia
878 2893 945 2948 tidei

119 2998 222 3038 serens
246 2981 369 3047 semina,
396 2981 431 3035 ad
459 2981 611 3052 predium,
628 2982 673 3036 cui
690 2980 863 3037 vocabulum
889 2986 944 3049 est,

1002 1843 1091 1898 super
1104 1827 1225 1883 lluvium
1243 1829 1349 1885 Ledam
1361 1829 1400 1901 (5)
1413 1829 1513 1885 obvios
1524 1829 1627 1885 habuit
1643 1831 1762 1885 nuntios
1773 1829 1828 1902 pri·

1002 1916 1228 1987 mariiejusdem
1238 1918 1344 1984 vici,ut
1355 1917 1637 1989 quantociusvenire
1648 1917 1826 1989 dignaretur,

1001 2005 1071 2076 quia
1088 2005 1174 2061 unica
1189 2005 1249 2061 filia
1261 2004 1302 2060 illi
1314 2011 1386 2073 erat,
1400 2023 1488 2078 quam
1506 2006 1678 2060 immundus
1688 2004 1827 2060 invadens

1001 2093 1122 2166 spiritus
1137 2095 1273 2150 atrociter
1287 2094 1419 2150 vexabat.
1432 2094 1504 2150 Cum
1531 2095 1709 2167 pervenisset
1733 2093 1769 2149 ad
1785 2093 1827 2148 vi·

1001 2199 1079 2250 cam,
1095 2183 1289 2239 exhibuerunt
1309 2185 1335 2238 ei
1360 2183 1504 2239 furentem
1526 2182 1665 2255 puellam,
1683 2187 1711 2239 et
1735 2183 1827 2239 sacris

1000 2271 1825 2344 ejusvestigiisprovoluti‚precabanturmisericordiam.

1000 2359 1126 2432 Spiritus
1142 2365 1240 2416 autem
1264 2378 1391 2433 nequam
1407 2362 1499 2416 sancti
1515 2361 1568 2415 viri
1593 2378 1650 2416 non
1676 2359 1826 2417 sustinens

1000 2449 1194 2521 presentiam,
1212 2450 1247 2505 ad
1264 2449 1394 2522 primum
1416 2451 1480 2520 ejus
1497 2449 1666 2521 imperium,
1682 2466 1733 2504 vas
1747 2449 1825 2522 quod

999 2537 1108 2609 injusto
1122 2538 1190 2608 juro
1204 2538 1376 2606 vindicaret,
1389 2537 1557 2610 relinquens
1573 2537 1684 2610 effugit,
1697 2542 1726 2593 et
1741 2535 1824 2609 puel-

999 2625 1058 2682 lam
1075 2627 1104 2681 in
1117 2627 1211 2682 medio
1224 2626 1415 2698 stupentium,
1428 2631 1457 2681 et
1467 2624 1574 2680 Christi
1586 2624 1748 2701 potentiam
1760 2624 1825 2681 lau·

999 2715 1145 2783 dantium,
1157 2715 1274 2786 reliquit
1290 2714 1516 2786 sanam.Sicque
1533 2713 1641 2768 iactum
1657 2716 1712 2779 est,
1725 2717 1758 2767 ut
1773 2729 1826 2785 per

1000 2805 1089 2860 unius
1105 2803 1208 2877 puella
1229 2804 1353 2860 salutem
1376 2818 1543 2875 corpoream
1559 2801 1656 2858 cuncti
1672 2799 1727 2856 vici
1743 2798 1823 2857 illius

999 2893 1179 2949 habitatores
1188 2894 1327 2948 adversm
1337 2893 1502 2948 animarum
1512 2907 1630 2946 suarum
1642 2888 1826 2962 pervenirent

1000 2982 1154 3038 medelam.
1168 2982 1240 3037 Nam
1255 2998 1357 3036 amires
1371 2979 1515 3036 idolorum
1526 2979 1607 3035 vanis
1618 2978 1826 3034 abrenuntian-

120 3070 281 3126 Proilineus
295 3070 438 3136 (bellovac.
452 3069 635 3141 Perilianus),
646 3070 772 3125 divertit.
786 3069 946 3142 ingruenti·
1000 3075 1044 3126 tes
1058 3071 1216 3144 tigmentis,
1229 3074 1257 3126 et
1270 3070 1360 3125 renati
1377 3069 1455 3125 tonte
1470 3066 1668 3141 baptismatis,
1678 3065 1744 3122 sacti
1755 3071 1825 3122 sunt

120 3161 178 3215 bus
194 3163 291 3214 antem
310 3158 404 3214 noetis
420 3158 558 3224 tenebris,
571 3158 731 3230 hospitium
750 3160 804 3214 sihi
818 3160 945 3231 perquiri
961 3141 983 3208 C
1000 3158 1156 3232 participes
1172 3158 1342 3214 Christiane
1359 3157 1534 3230 adoptionis.
1547 3156 1689 3211 Eumdem
1701 3171 1769 3228 ergo
1780 3154 1824 3210 vi-

115 3249 214 3321 jubet.
226 3249 262 3301 At
276 3264 342 3302 vero
358 3247 387 3302 in
409 3248 472 3318 ipso
490 3248 632 3303 adventus
648 3248 712 3318 ejas
728 3247 861 3314 articulo,
874 3265 946 3320 puer
1000 3266 1067 3308 cum
1084 3267 1150 3305 cum
1167 3247 1278 3303 cunctis
1295 3248 1332 3318 (dl
1349 3247 1384 3301 ad
1405 3264 1472 3302 eum
1492 3243 1649 3318 pradictus
1671 3258 1824 3317 possessor

120 3335 262 3410 parvulus
278 3337 456 3408 possessoris
470 3336 631 3407 supradicti
648 3336 730 3391 sandi
747 3335 834 3404 filius,
853 3338 947 3408 ingra·
1000 3346 1101 3400 sancto
1117 3338 1247 3410 pontifici
1264 3335 1415 3391 humiliter
1434 3335 1568 3407 largitur,
1586 3337 1614 3389 et
1630 3336 1663 3388 ut
1678 3331 1716 3389 ibi
1734 3330 1825 3388 eecle-

119 3429 264 3493 vescesslv,
283 3441 340 3496 qua
361 3425 527 3490 vexabulub
550 3425 694 3488 molestia,
710 3426 868 3482 defunctus
891 3428 944 3482 est·
1001 3432 1075 3487 siam
1093 3432 1260 3484 construere
1281 3425 1407 3491 deberet,
1429 3422 1615 3478 devotissime
1639 3421 1823 3494 deprecatur.

120 3515 203 3581 Quod
215 3531 282 3569 eum
293 3514 352 3568 viro
360 3512 410 3567 Dei
423 3514 592 3569 nuntiatum
601 3514 715 3582 luisset,
725 3514 793 3569 alibi
806 3515 947 3569 divertere

121 3602 226 3669 noluit,
239 3602 289 3657 sed
301 3603 463 3657 secundum
475 3603 551 3674 qnod
564 3602 700 3658 Salomon
712 3604 751 3657 ait
764 3620 770 3656 :
785 3602 889 3658 Melius
902 3609 946 3658 est

121 3690 163 3747 ire
179 3692 214 3746 ad
232 3691 352 3746 domum
373 3689 482 3758 luctus,
498 3708 586 3763 quam
612 3692 648 3746 ad
676 3692 796 3746 doniam
813 3691 945 3758 convivii,

121 3780 274 3849 (dcclivn,
286 3780 312 3850 3)
322 3780 461 3851 gaudium
478 3779 582 3835 salutis
594 3779 707 3835 laturus
717 3779 897 3853 lugentibus,
910 3780 947 3835 ad

122 3868 256 3936 domum,
270 3869 300 3922 in
320 3884 378 3939 qua
398 3868 561 3933 intantulus
577 3869 704 3940 jacebat,
721 3869 853 3935 accessit,
871 3873 899 3925 et
917 3868 947 3923 in

122 3957 251 4030 quadam
267 3958 332 4027 ejus
348 3960 458 4012 secreta
468 3961 551 4028 parte
564 3958 747 4013 mansionem
764 3959 887 4029 accepit.
899 3958 949 4013 Ju-

122 4046 172 4101 bet
183 4062 252 4118 ergo
267 4049 335 4101 ants
351 4063 382 4100 se
396 4045 496 4100 inferri
513 4046 683 4101 defunctum
695 4062 811 4119 corpus,
824 4053 852 4101 et
867 4050 948 4119 patre

123 4135 949 4207 etmatrecunetisqueremotisarbitris,paucisduutaxat

1001 3520 1081 3586 Quod
1093 3515 1198 3590 presul
1210 3515 1355 3586 benignus
1366 3512 1585 3585 gratantissime
1595 3508 1761 3582 complevit,
1772 3507 1825 3563 ibi·

1001 3626 1057 3681 que
1081 3605 1206 3661 multum
1229 3602 1370 3675 populum
1400 3617 1451 3674 per
1475 3603 1583 3656 sancta
1608 3595 1822 3669 predicationis

1002 3693 1198 3752 ministerium
1214 3691 1337 3746 Domino
1353 3689 1546 3761 consignavit.

1037 3788 1081 3840 22.
1094 3783 1150 3839 Nec
1168 3786 1265 3836 tamen
1279 3777 1456 3834 credendum
1468 3780 1523 3842 est,
1535 3779 1650 3830 tantum
1663 3789 1825 3845 preconem

1002 3874 1113 3945 absque
1135 3870 1243 3928 laboris
1262 3867 1420 3923 certamine
1436 3871 1464 3920 et
1484 3861 1697 3936 impugnatoris
1712 3859 1825 3933 antiqui

1002 3962 1129 4027 insidiis,
1142 3965 1184 4016 tot
1193 3964 1222 4014 et
1232 3957 1303 4013 talia
1313 3956 1451 4029 perficere
1466 3954 1607 4026 potuisse,
1620 3966 1687 4006 cum
1703 3949 1826 4005 manite-

1003 4050 1132 4110 stissime
1143 4049 1249 4104 clamet
1258 4044 1414 4118 Apostolus
1424 4042 1547 4099 :Omnes
1559 4041 1609 4113 qui
1621 4040 1667 4111 pie
1677 4038 1779 4096 volunt
1788 4038 1827 4093 vi-

1001 4158 1067 4197 vere
1079 4141 1107 4194 iu
1119 4139 1233 4194 Christo
1244 4134 1475 4209 persecutionem
1489 4130 1643 4203 patiuntur
1652 4128 1689 4196 (ll
1704 4129 1771 4183 Tim.
1783 4144 1825 4194 rn,

123 4222 290 4279 sanctitatis
301 4240 359 4279 suas
369 4223 525 4278 comitibus
537 4223 645 4279 ibidem
658 4223 878 4278 remanentibus
888 4240 949 4279 ora·
1005 4230 1058 4298 12).
1072 4226 1209 4293 Quamvis
1231 4224 1309 4279 enim
1330 4218 1502 4293 magnitudo
1517 4218 1671 4282 virtutum,
1687 4232 1761 4287 quas
1777 4231 1828 4287 per

124 4316 209 4367 turus
226 4327 257 4366 ὅθ
272 4311 301 4365 ln
314 4312 513 4383 pallmflssluffl
526 4312 694 4384 PPOSlelsslli
704 4315 877 4383 ¹¹0⁰l0mque
888 4328 950 4384 per·
1005 4334 1071 4373 eum
1088 4314 1220 4370 Christus
1236 4312 1420 4384 operabatur,
1433 4309 1457 4364 si
1472 4305 1671 4381 quidadversi
1686 4323 1701 4358 e
1716 4303 1827 4360 mundo

123 4399 242 4473 vigilem
253 4399 740 4472 ducens,tantainstantiapreeum
751 4398 813 4454 eceli
824 4399 951 4472 pulsavit
1004 4405 1182 4477 emergebat,
1199 4401 1376 4463 retunderet,
1389 4398 1414 4453 is
1429 4402 1527 4452 tamen
1544 4394 1593 4467 qui
1606 4393 1645 4449 'ad
1663 4392 1760 4466 ipsum
1772 4390 1829 4447 Me.

124 4492 282 4556 secretum,
297 4493 330 4544 ut
342 4490 451 4561 pariter
467 4493 629 4560 surgerent,
642 4493 670 4544 et
685 4488 948 4561 pontitexapulvc·
965 4512 987 4575 D
1005 4498 1147 4553 uiatorem
1163 4493 1214 4548 Dei
1235 4494 1263 4546 ot
1280 4489 1432 4544 hominum
1454 4485 1603 4541 hominem
1617 4483 1718 4539 ,lesum
1730 4479 1828 4537 chris.

126 4595 166 4646 re,
177 4583 206 4633 et
221 4577 317 4633 iulans
332 4595 349 4632 a
364 4583 466 4634 morte.
479 4577 551 4633 Cum
562 4594 630 4650 ergo
642 4578 705 4649 jam
717 4594 821 4633 aurora
832 4578 949 4651 fugaces

125 4665 230 4721 ueoelo
245 4665 364 4738 pelleret
386 4667 485 4735 tedas,
503 4667 593 4722 intrat
617 4672 699 4740 pater
722 4683 789 4722 cum
815 4671 906 4722 matre
922 4670 950 4722 et

124 4753 787 4829 multaviciuorumfrequentia,inveniuntque
797 4756 949 4829 sospitem,

125 4860 214 4915 quem
226 4843 397 4899 defunctum
410 4843 578 4914 intulerant,
587 4851 615 4901 et
626 4850 707 4901 tauta
718 4847 814 4919 operis
824 4847 949 4901 novitate

124 4929 264 5003 perculsi,
281 4931 386 4988 coelum
410 4932 537 4990 elamore
552 4934 699 5006 quatiunt,
715 4939 744 4990 et
769 4934 860 4990 versis
875 4933 950 4990 votis

125 5020 326 5093 (at.,vocibus)
339 5022 444 5078 iterum
459 5039 509 5094 per
523 5022 631 5095 gaudia
642 5023 794 5095 plangunt.
807 5021 950 5077 Continuo

124 5125 195 5182 ergo
212 5108 278 5163 fidei
290 5109 463 5168 Christiana
474 5110 548 5167 eolla
563 5115 782 5183 supponunt,et
796 5111 950 5178 infantem,

125 5215 216 5271 quem
233 5197 377 5255 heredem
403 5205 586 5257 terrenorum
610 5200 754 5255 bonorum
770 5203 949 5270 optaverant,

125 5286 296 5343 coelestibus
307 5288 472 5361 disciplinis
481 5290 673 5345 imbuendum
684 5305 751 5344 cum
763 5291 823 5342 tota
834 5285 951 5341 heredi·

161 5449 201 5517 (5)
213 5447 288 5503 alibi
304 5448 350 5504 hic
366 5451 462 5506 amnis
478 5451 563 5506 teritis
578 5450 694 5517 dicitur,
708 5455 735 5504 et
747 5466 763 5504 a
774 5447 951 5520 quibusdam

126 5536 221 5592 Latius.

1004 4584 1164 4656 tum,quasi
1186 4579 1296 4652 aliquid
1313 4593 1433 4633 suorum
1451 4579 1629 4647 reperturus,
1643 4571 1740 4627 venire
1755 4586 1827 4642 pre·

1005 4675 1286 4747 su1npserat,eoutra
1296 4668 1374 4724 hunc
1383 4664 1561 4737 quoque‚qui
1574 4660 1653 4717 illius
1664 4659 1772 4716 summi
1783 4672 1828 4714 ea-

1004 4766 1074 4840 pitis
1086 4763 1251 4819 membrum
1262 4761 1333 4823 ernt,
1342 4754 1494 4811 machinas
1502 4752 1684 4807 diversarum
1695 4745 1829 4804 tentatio·

1005 4873 1076 4911 num
1088 4852 1171 4925 quasi
1189 4850 1327 4904 adversus
1337 4842 1554 4900 validissimum
1571 4855 1689 4895 murum
1702 4835 1827 4892 callidus

1004 4946 1193 5016 impugnator
1203 4937 1356 4993 admovere
1367 4950 1425 4988 non
1436 4927 1638 4987 desinebatUt
1646 4926 1724 4982 enim
1736 4941 1827 4981 novus

1006 5032 1133 5107 agricola
1143 5043 1263 5101 opacam
1277 5022 1386 5097 sylvam
1399 5021 1646 5093 ingressus,nunc
1658 5016 1828 5083 serro,uunc

1005 5123 1072 5196 igno
1083 5122 1185 5183 utitur,
1194 5133 1252 5189 quo
1263 5111 1408 5186 jaciendis
1424 5106 1586 5165 seminibus
1601 5104 1689 5160 tellus
1707 5108 1828 5159 eatenus

1006 5209 1113 5268 sterilis
1128 5208 1320 5279 praeparetur;
1337 5199 1379 5255 sic
1393 5197 1408 5253 J
1413 5196 1529 5252 ulianus
1540 5192 1767 5249 Cenomanicum
1779 5207 1827 5264 pe-

1005 5306 1124 5358 netrans
1134 5293 1357 5358 solum,vetcres
1367 5302 1491 5357 quercus
1502 5297 1687 5353 annosasque
1697 5279 1827 5353 lagos,id

1041 5460 1079 5527 (b)
1095 5457 1181 5512 Deest
1195 5446 1401 5523 pertinentibus,
1418 5443 1461 5499 vel
1477 5443 1547 5515 quid
1564 5440 1670 5497 simile.
