3900 6090
123 248 201 316 l0¹15
522 251 789 315 llllO'l'Slll'l'llAE
810 248 997 314 MONIALlS
1020 249 1418 314 dennunsnnntnnsts
1751 248 1831 311 turs

121 388 252 462 Tangere
267 383 440 459 speluncam
456 384 579 458 pedibus
595 385 750 458 splendore
765 385 917 459 repletam.
957 384 985 451 Α
1000 385 1114 441 intrant
1127 391 1157 441 et
1171 385 1254 458 pueri
1268 383 1377 457 regalia
1392 387 1469 440 tecta
1482 382 1596 452 tenelli,

121 475 188 534 Mox
203 491 319 548 quoque
332 474 497 546 virgineum
513 472 618 528 Zelemi
634 477 764 529 tractans
776 473 822 547 pie
831 477 946 546 partum
1001 476 1050 531 Μ
1069 475 1152 530 Haud
1167 474 1247 530 varie
1258 476 1335 529 certe
1351 471 1486 545 digestim
1503 472 1581 544 pieta
1596 471 1706 541 colore,

119 564 306 631 Exclamans,
321 562 398 636 signi
415 562 487 616 dixit
501 562 574 618 bene
591 562 709 618 credula
723 562 796 618 tanti
814 579 821 616 ι
1002 563 1112 620 Sideris
1125 562 1266 635 obsequie
1282 561 1363 629 tanti,
1382 561 1432 616 sed
1450 561 1504 617 rite
1520 561 1611 634 polita

120 652 195 722 Quid
212 650 337 710 sibinen
354 655 452 724 nupta
469 653 571 722 partus
586 650 649 705 vult
663 649 720 707 isto
737 649 891 708 novellus?
1003 652 1087 708 Proui
1102 651 1234 724 vestigiis
1252 651 1374 724 figentes
1386 649 1486 706 oscula
1500 650 1601 722 protis,

119 741 223 800 Editus
238 757 303 797 ecce
319 756 392 812 puer
406 739 495 814 regali
512 739 642 814 germine
659 758 753 814 nuper
1002 741 1135 812 Orantes,
1152 739 1281 814 preculis
1296 738 1401 794 humili
1417 755 1533 811 qnoque
1548 756 1617 795 voce
1633 739 1783 812 profusis,

119 829 262 903 Cenjngis‘
274 833 421 901 expertem
433 829 507 884 bene
522 828 650 882 ‹leclnrat
665 828 725 883 lore
740 832 874 884 matrem.
1002 829 1091 885 'Prino
1105 828 1251 884 coelestem
1267 832 1444 882 venerantur
1459 843 1580 882 niarnere
1595 827 1720 900 Regem,
1812 845 1819 855 ·

119 920 214 992 Atque
229 934 335 991 parens
349 917 431 990 virge
446 921 550 972 notum
565 917 655 972 laetat
671 917 717 989 pie
731 917 795 973 sela
1003 919 1085 973 Hunc
1101 917 1310 988 hominemque
1326 917 1418 972 Deum
1435 916 1623 989 designantes
1639 916 1837 972 moriturum.

120 1006 266 1064 Uberibus
282 1005 371 1061 castis
387 1006 422 1060 de
437 1004 509 1061 cmla
520 1006 587 1074 jure
603 1006 731 1078 repletis,
1002 1008 1055 1074 Qui
1073 1024 1151 1074 mox,
1166 1005 1196 1060 in
1213 1005 1326 1061 soumis
1341 1004 1446 1060 rrroniti
1463 1005 1518 1061 sub
1533 1008 1667 1078 tempere
1684 1005 1797 1073 trectis,

121 1097 185 1152 Non
201 1094 284 1150 dolor
297 1097 342 1150 est
357 1094 442 1148 matri
459 1110 511 1149 nec
527 1099 572 1149 est
586 1093 742 1150 nrucnlotie
756 1093 839 1166 preli,
1001 1097 1043 1151 hd
1060 1096 1183 1169 patriam
1200 1094 1257 1150 lecti
1275 1095 1397 1150 redeunt
1414 1111 1464 1165 per
1479 1093 1665 1150 deviaducti.

122 1184 230 1242 Ordine
244 1183 343 1239 divino
360 1182 421 1239 fieri
438 1185 488 1239 sed
504 1184 574 1240 talin
590 1185 686 1240 credo.
1038 1184 1089 1240 llis
1104 1185 1144 1240 ita
1160 1183 1292 1256 digestis,
1311 1184 1449 1250 llerodes,
1466 1183 1614 1255 pessimus
1628 1183 1740 1252 hostis,

159 1274 238 1329 Hanc
249 1273 947 1344 Salomevecemspernens,nontietaloquentcm
1000 1272 1124 1346 Augusti
1139 1272 1216 1345 jussi
1234 1272 1356 1327 licinum
1370 1270 1536 1327 deducitur.
1552 1271 1639 1344 Ergo,

123 1362 240 1420 Dixerat
254 1360 364 1417 auditis
379 1379 443 1418 sese
456 1379 513 1417 nen
530 1362 647 1418 credere
661 1361 768 1430 verbis,
1002 1365 1063 1430 Quo
1078 1361 1121 1417 vel
1138 1363 1286 1435 purgaret,
1302 1360 1348 1416 lex
1364 1365 1397 1417 ut
1413 1361 1544 1417 Romane
1557 1361 1688 1433 doceret,

121 1453 163 1508 Ne
178 1452 282 1525 probet
297 1450 361 1523 ipsa
376 1458 491 1507 sacram
504 1452 602 1524 palma
612 1453 758 1523 tangendo
773 1450 906 1506 Mariam.
1002 1450 1141 1507 Criminis
1158 1450 1296 1523 imposita
1310 1451 1346 1506 de
1362 1449 1462 1523 magni
1478 1466 1509 1506 se
1524 1449 1582 1507 cite
1598 1449 1699 1522 eulpa,

122 1541 196 1599 llinc
211 1539 345 1614 ingressa
360 1556 444 1595 suam
460 1540 548 1612 cmpit
562 1541 735 1613 protendere
750 1540 894 1609 dextram,
1001 1541 1052 1596 Vel
1068 1539 1172 1613 eapitis
1187 1556 1304 1612 poenum
1317 1540 1398 1611 juste
1413 1543 1563 1612 pateretur
1578 1554 1727 1597 amaram.

122 1631 269 1688 Audacter
283 1631 395 1685 castam
408 1633 526 1685 tentans
542 1629 673 1702 palmare
688 1621 823 1698 Mariam,
1002 1630 1134 1702 Namque
1149 1646 1216 1685 reus
1232 1628 1398 1701 majestatis
1409 1628 1522 1688 dicetur
1537 1626 1651 1696 herilis,

123 1721 179 1778 Sed
195 1718 263 1776 talis
279 1734 396 1791 poenam
409 1718 520 1775 confert
535 1718 657 1775 audacia
672 1718 803 1791 dignam,
1001 1719 1037 1774 Et
1052 1718 1154 1775 merito
1171 1717 1259 1775 talem
1276 1719 1388 1791 potitor
1399 1719 1463 1790 Jam
1479 1717 1694 1790 suspicionem,

122 1811 230 1869 Dextra
244 1813 289 1865 est
304 1809 443 1865 continue
459 1808 597 1864 tentatrix
612 1808 773 1876 debilitata,
1005 1807 1060 1875 Qut
1076 1808 1158 1881 cupit
1172 1807 1298 1875 insidiis,
1314 1806 1453 1879 veliipino
1468 1806 1554 1862 corde
1569 1805 1695 1878 paratis,

42 1927 53 1941 ,
125 1898 242 1974 ingenti
260 1901 337 1954 certe
350 1898 498 1953 crucietur
509 1899 576 1971 jare
591 1898 699 1955 delore.
1004 1891 1116 1953 Proieln
1132 1896 1258 1952 celestis
1274 1895 1401 1952 divinam
1418 1894 1538 1968 perdere
1552 1894 1654 1968 Regis.

123 1990 206 2045 Tunc
220 1986 336 2043 Salome
352 1984 485 2041 clamans
502 1986 599 2041 animo
613 1986 766 2041 subtristis
781 2002 890 2054 amaro,
1005 1986 1063 2042 lloe
1079 2004 1147 2042 nam
1164 1986 1262 2043 (livino
1278 1989 1350 2041 nutu
1367 1986 1478 2041 sactum
1494 1985 1564 2052 lere,
1581 1984 1686 2049 erede,

129 2077 282 2134 Deiectum
298 2074 405 2129 dextra
422 2074 552 2130 subitum
569 2075 684 2129 deflevit
698 2075 852 2146 adempte,
1004 2077 1085 2143 Quod
1100 2081 1170 2131 tune
1186 2078 1314 2147 percerte
1331 2074 1453 2130 [tomam
1470 2073 1628 2129 mandatur
1643 2073 1741 2141 adire,

124 2165 262 2237 Morsque
276 2162 400 2220 ludaico
415 2162 568 2235 proprium
584 2161 721 2218 meritum
738 2161 894 2218 recitando.
1005 2168 1076 2235 Ouo,
1089 2182 1120 2220 se
1136 2166 1297 2231 subtracto,
1314 2162 1387 2237 legis
1398 2161 1710 2219 mandaminacuncta

123 2256 182 2313 Nec
198 2271 257 2310 nen
267 2252 388 2326 justitia
404 2257 450 2308 sat
465 2252 616 2308 conlidens
632 2250 781 2317 simulata,
1005 2253 1123 2309 Plenius
1139 2253 1169 2308 in
1186 2257 1254 2308 nato
1268 2250 1485 2324 complerentur
1500 2250 1557 2307 cite
1572 2250 1703 2307 Christe.

124 2343 209 2401 Talia
222 2340 405 2399 Celsithrono
421 2341 513 2397 tertor
528 2341 597 2396 dare
610 2340 698 2396 verba
713 2340 837 2396 dolende
853 2358 860 2396 :
1041 2343 1183 2415 Namque,
1200 2340 1412 2414 quaterdenis,
1429 2356 1517 2397 cursu
1533 2340 1671 2409 ducente,
1687 2342 1823 2413 peractis

159 2431 255 2489 'Pestis
267 2433 441 2488 cunctarum
457 2428 681 2502 consolatorque
695 2429 843 2498 laborum,
1003 2431 1134 2506 Virginei
1151 2435 1253 2505 partus
1266 2430 1404 2504 digestim
1422 2429 1476 2486 rite
1490 2428 1605 2496 diebus,

126 2524 182 2580 ae
198 2523 242 2577 'Pu
258 2519 316 2576 scis
332 2518 484 2592 preceptis
500 2519 611 2574 luorum
628 2519 706 2590 qued
723 2517 826 2572 serlnlo
840 2514 922 2588 legis,
1005 2519 1330 2578 llicFactor·1nen1bris
1346 2519 1484 2575 coelerum
1501 2532 1629 2589 nemque
1645 2516 1778 2586 tenellis,

123 2611 268 2682 Quodque
280 2607 322 2663 tui
339 2625 429 2665 causa
445 2625 561 2680 semper
575 2608 687 2663 suerum
704 2606 776 2662 lieno
793 2606 883 2677 larga,
1005 2609 1127 2667 Sistitur
1141 2609 1170 2663 in
1188 2607 1314 2682 proprie,
1332 2625 1419 2680 parvo
1431 2624 1497 2662 cuni
1515 2622 1647 2674 munere,
1665 2605 1794 2681 temple.

123 2697 310 2773 Pauperibus
325 2696 441 2752 cunctis
455 2696 538 2753 lectis
553 2697 589 2752 de
603 2695 713 2752 liniltns
727 2696 807 2751 orbis
823 2711 830 2750 ι
1006 2698 1089 2756 Ulnis
1104 2703 1241 2770 exceptus
1258 2696 1391 2753 tremulis
1403 2695 1478 2768 justi
1493 2692 1651 2762 Simeonis,

125 2789 179 2858 Qui
195 2802 322 2844 mmrcns
337 2783 428 2858 venit,
443 2786 478 2841 de
493 2802 540 2841 me
554 2801 671 2857 qnoque
687 2783 779 2841 latior
794 2784 854 2852 ivit,
1005 2789 1040 2844 Et
1055 2787 1156 2842 mundi
1173 2786 1317 2842 Dominus
1333 2784 1488 2858 condignis
1503 2787 1549 2839 est
1564 2781 1691 2839 benedic

125 2881 160 2937 ut
175 2894 253 2934 nunc
267 2893 319 2949 pro
335 2875 449 2932 meritis
462 2874 558 2947 patior
571 2874 712 2929 damnum
730 2889 816 2945 grave
832 2872 933 2928 tantis.
1006 2876 1087 2946 Odis,
1103 2892 1137 2931 ex
1153 2876 1216 2948 ipse
1228 2876 1312 2948 justo
1328 2874 1464 2930 Simeone
1477 2875 1605 2939 vetusto,

158 2968 212 3034 Qui
230 2984 297 3022 mex
312 2981 456 3038 apparens
469 2963 587 3036 juvenis
600 2962 790 3036 preteriens,
808 2963 875 3018 insst
890 2980 897 3018 ε
1006 2967 1064 3022 Nec
1079 2982 1135 3020 nan
1153 2966 1265 3021 famoso
1281 2964 1421 3037 praesagis
1436 2962 1556 3019 vocibus
1570 2962 1666 3017 Anna.

122 3055 298 3115 Panniculos
311 3054 393 3127 pueri
409 3053 594 3109 solummodo
611 3057 698 3125 tange
714 3051 828 3121 tenelli,
926 3049 929 3053 ’
1008 3055 1058 3111 llis
1073 3071 1189 3127 quoque
1204 3051 1357 3126 eompletis
1369 3053 1454 3124 juxta
1468 3049 1661 3106 mandamina
1675 3048 1766 3123 legis,

122 3145 270 3203 decedens
286 3143 359 3199 istas
374 3143 410 3197 ad
427 3142 538 3214 regales
551 3140 608 3196 cito
622 3157 725 3209 cunas,
960 3130 982 3196 G
1000 3144 1043 3199 Ad
1059 3142 1184 3216 patriam
1201 3143 1330 3200 Bethlem
1343 3141 1492 3198 redierunt
1506 3138 1642 3212 protinus
1656 3139 1778 3196 urbem.

124 3235 247 3307 Ipseque
262 3231 366 3302 majori
377 3234 405 3285 te
420 3229 555 3286 restituet
569 3229 699 3284 sanitati.
1037 3232 1122 3300 Nam,
1138 3237 1205 3304 pest
1219 3232 1279 3287 hcc
1295 3231 1372 3287 binis
1388 3227 1558 3286 mansurnis
1572 3243 1649 3300 pene
1666 3227 1802 3300 repletis,

124 3323 191 3380 llec
206 3320 255 3376 ubi
268 3319 355 3390 jussa
370 3317 425 3374 sibi
442 3319 576 3390 sequitur
591 3316 737 3373 solamina
750 3317 857 3385 dantis,
1003 3320 1100 3377 llestis
1115 3321 1152 3376 ab
1167 3319 1269 3376 exsilio
1283 3319 1404 3375 veniens
1420 3333 1575 3391 perversus
1589 3332 1706 3385 amaro,

124 3409 284 3482 Tangendo
301 3406 457 3461 minimum
474 3421 639 3477 pannorum
653 3405 779 3477 denique
796 3405 876 3462 iilum
896 3424 902 3461 :
1002 3410 1083 3477 Quod
1098 3411 1195 3466 dixere
1210 3410 1298 3482 Magi,
1314 3408 1447 3465 volvebat
1461 3409 1559 3462 mente
1573 3405 1700 3474 delenti,

124 3498 224 3558 Sensit
236 3513 268 3554 se
283 3496 381 3551 subito
397 3494 507 3550 salvam
523 3494 584 3549 lore
600 3510 719 3566 corpore
734 3497 805 3565 tcto,
1001 3499 1038 3556 Se
1051 3499 1112 3554 nati
1128 3497 1243 3555 stellam
1260 3498 1349 3571 Regis
1365 3496 1473 3552 vidisse
1487 3496 1648 3559 decoram„

123 3590 160 3646 ltt
174 3590 272 3662 grates
287 3583 411 3641 Domino
427 3583 567 3640 reddebat
583 3599 651 3638 voce
664 3599 780 3651 canora,
1001 3589 1052 3645 Μ
1069 3589 1132 3642 llaec
1148 3586 1277 3643 recolens
1292 3603 1424 3659 proceres
1440 3585 1521 3658 regni
1537 3583 1687 3656 rogitabat
1708 3582 1828 3649 heriles,

123 3674 177 3741 Qui
193 3673 248 3730 Sibi
265 3672 404 3746 dignatus
418 3671 506 3728 illem
524 3671 654 3727 ὒθῐὶΓθΝθ
668 3669 803 3727 Stlulcffl·
1000 3680 1043 3733 An
1058 3678 1206 3733 redeunde
1222 3676 1298 3748 Magi
1314 3676 1463 3732 venissent
1478 3676 1575 3729 mente
1588 3671 1697 3727 lideli‘i

157 3763 264 3821 Ordine
279 3762 391 3835 digesto
406 3763 561 3834 postquam
579 3760 634 3816 luit
649 3777 717 3834 ergo
732 3760 841 3832 repleta
999 3766 1061 3836 Vel,
1078 3767 1149 3839 qnid
1165 3767 1200 3822 de
1216 3770 1283 3822 nato
1299 3764 1514 3821 demandarent
1529 3760 1586 3818 sibi
1601 3759 1747 3817 Christo?

121 3852 203 3910 Visio
218 3855 380 3925 pasterum,
396 3849 515 3924 signnm
533 3848 651 3905 sibimet
666 3866 784 3921 quoque
798 3850 909 3905 dictam
1000 3855 1053 3922 Qui
1070 3871 1137 3910 mex
1152 3854 1299 3927 responsis
1312 3852 1422 3926 pariter
1438 3851 1541 3907 dicunt
1555 3849 1630 3905 bene
1648 3849 1760 3916 tirmis,

121 3942 162 4000 De
176 3956 265 4015 parve
280 3955 370 4013 puero
386 3938 567 4012 presepibns
582 3937 765 4004 inveniendo,
999 3945 1036 4000 Se
1051 3943 1173 4011 nescire,
1190 3943 1265 4016 Magi
1282 3941 1391 3998 luerint
1405 3941 1429 3998 si
1447 3940 1521 3996 torte
1536 3937 1656 4005 reversi,

121 4030 218 4105 lpsius
233 4029 315 4103 pueri
331 4044 448 4101 quoquc
463 4026 648 4082 circumcisio
664 4026 783 4093 Christi,
999 4032 1057 4088 Nec
1071 4032 1142 4104 quid
1156 4034 1191 4088 de
1206 4037 1275 4087 nate
1290 4047 1354 4087 sese
1369 4029 1534 4102 perdiscere
1550 4026 1641 4099 Rege.

120 4118 255 4176 Nominis
270 4120 358 4188 atque
373 4115 419 4172 sni
436 4115 550 4187 fulgens
567 4115 675 4187 aptatio
691 4115 800 4187 magni.
998 4121 1051 4176 His
1066 4138 1155 4194 super
1167 4137 1308 4176 accensus
1324 4135 1373 4174 rex
1389 4117 1515 4173 lleredes
1531 4114 1728 4182 furibundus,

121 4208 215 4282 Reges
231 4204 381 4277 astrologi,
393 4204 464 4260 solis
480 4205 515 4259 de
530 4204 648 4259 cardine
664 4204 740 4259 lecti.
999 4210 1127 4276 Mittens,
1143 4204 1268 4265 intentes
1283 4208 1375 4264 occidi
1392 4207 1528 4278 protinas
1543 4219 1649 4259 omnes

120 4298 267 4354 Advertere
282 4294 369 4367 Magi,
386 4292 537 4350 sicllttum
552 4291 614 4364 lege
629 4292 726 4365 petili,
999 4299 1052 4365 Oui
1067 4303 1138 4353 tune
1154 4297 1280 4354 bethleis
1297 4297 1413 4353 lucrant
1426 4293 1566 4367 precepit
1579 4293 1609 4347 in
1627 4293 1702 4359 oris,

120 4389 287 4454 Quaefflsslssfl
302 4383 404 4438 urbem
421 4382 564 4437 sssfflOSflm
580 4380 705 4453 denique
721 4380 830 4447 Salem,
998 4388 1034 4443 Se
1049 4403 1164 4458 semper
1178 4386 1275 4442 vivum
1290 4401 1413 4456 sperans
1429 4382 1616 4455 exstinguere
1631 4380 1791 4438 Christum

119 4476 177 4532 Nee
194 4491 251 4530 non
268 4472 421 4539 Herodem,
440 4470 585 4526 conticuli
602 4474 717 4541 petiere
731 4487 839 4543 regom,
957 4499 981 4563 D
998 4477 1094 4533 Posse.
1111 4477 1165 4531 Sed
1177 4476 1206 4530 in
1222 4476 1335 4531 somnis
1351 4474 1481 4530 monitus
1495 4470 1604 4543 loseph
1620 4470 1823 4536 venerandus,

119 4561 283 4620 Sollicitant
298 4561 375 4634 regis
391 4578 422 4616 se
437 4558 589 4614 nativitate
605 4558 739 4621 recentis,
998 4564 1094 4638 Pergit
1109 4565 1137 4619 in
1153 4565 1320 4637 AEgyptnm,
1334 4563 1409 4619 vesti
1425 4577 1476 4634 per
1491 4559 1574 4615 devia
1592 4574 1698 4614 secum

118 4652 155 4709 Se
166 4651 276 4706 vidisse
291 4666 395 4705 novam
411 4648 506 4703 sontes
524 4646 693 4718 nuperrime
709 4646 834 4715 stellam,
996 4654 1148 4710 Dndnnens
1163 4653 1252 4708 eremi
1268 4653 1370 4709 insum
1386 4667 1452 4707 eum
1470 4650 1562 4705 matre
1578 4645 1738 4715 tenellum,

117 4743 185 4808 Oua
201 4739 309 4813 Rssssssm
326 4741 427 4793 natum
444 4738 660 4792 dssmlsssslfflffil
673 4734 845 4790 Judsssffutss·
995 4743 1066 4799 Nori
1081 4741 1229 4799 terrestris
1245 4742 1358 4799 Christe
1371 4739 1540 4797 dominante
1555 4735 1686 4792 timoris.

152 4829 202 4885 llis
218 4844 267 4884 rex
281 4827 418 4883 turbatus
433 4830 546 4881 secreta
561 4829 658 4881 mente
673 4823 827 4896 profanus,
995 4831 1078 4888 Talin
1094 4832 1144 4888 sod
1158 4831 1243 4887 solito
1257 4831 1326 4887 fecit
1341 4829 1450 4902 pietate
1464 4841 1602 4899 superna,

116 4918 224 4975 Accitis
240 4916 328 4974 eitius
343 4914 459 4983 scribis,
477 4914 588 4971 audivit
604 4915 640 4969 sb
657 4912 727 4980 illis,
996 4921 1110 4994 AEgypti
1126 4921 1262 4976 tenebras
1278 4919 1395 4991 propria
1410 4928 1467 4991 qun
1482 4916 1548 4973 lune
1564 4917 1700 4970 vetustos

116 5008 199 5065 Certe
214 5006 341 5064 Bethleis
356 5005 437 5062 nasci
452 5005 530 5077 quod
541 5004 676 5060 Christus
688 5004 719 5058 in
734 5004 794 5060 eris
996 5011 1062 5067 Mox
1076 5009 1248 5078 illustraret,
1264 5024 1317 5080 per
1331 5024 1363 5064 se
1375 5007 1551 5081 penitusque
1565 5004 1695 5076 rugaret.

114 5096 204 5153 luxit
219 5100 393 5152 cunctotum
409 5094 497 5149 debet
511 5093 645 5148 carmina
659 5095 770 5158 valum,
1031 5098 1158 5171 Contigit
1175 5114 1244 5169 ergo
1259 5097 1306 5153 die
1320 5097 1459 5169 quadam,
1477 5094 1664 5167 requiescere
1676 5088 1754 5147 velle

116 5181 231 5240 Scilicet
246 5185 333 5255 atque
349 5182 442 5256 elegis
451 5180 543 5253 jussit
560 5196 627 5236 eum
643 5180 745 5236 fraude
760 5181 903 5252 remissis,
994 5188 1010 5245 J
1015 5193 1083 5244 uxta
1098 5186 1279 5259 speluncam,
1296 5190 1428 5242 sanctam
1440 5200 1508 5241 eum
1524 5180 1606 5255 prole
1621 5178 1763 5236 Mariam.

115 5270 153 5329 Ut
168 5288 292 5345 puerum
308 5276 441 5345 quarunt
457 5273 571 5341 natum,
587 5269 705 5325 sibImet
720 5287 837 5342 quoque
856 5289 939 5330 mon·
995 5280 1062 5344 Qua
1078 5282 1124 5333 sat
1139 5275 1217 5333 lassa
1232 5274 1294 5331 solo
1310 5275 1404 5332 luerat
1418 5290 1487 5333 cum
1502 5273 1575 5328 terte
1589 5269 1699 5335 locata,

838 5365 940 5427 {strunt
994 5366 1113 5424 Scilicet
1128 5365 1156 5419 in
1172 5364 1283 5437 gremio
1297 5364 1399 5420 lesum
1415 5362 1496 5419 molli
1514 5358 1693 5424 relevando;

115 5449 208 5513 Quem
221 5449 302 5522 eupit
317 5449 422 5518 occidi,
437 5447 582 5505 simulans
598 5465 628 5504 se
643 5446 716 5503 velte
729 5449 847 5520 precari
994 5455 1079 5513 Multi
1095 5452 1241 5510 terribiles
1255 5453 1417 5524 procedunt
1431 5467 1560 5524 namque
1575 5449 1721 5504 dracones

115 5536 168 5599 Qui
184 5543 369 5595 monstrante
384 5539 461 5593 viam
478 5537 562 5594 stella
579 5540 705 5609 pergunt
720 5537 776 5593 cite
792 5546 912 5612 rectam,
993 5546 1033 5604 Ex
1048 5545 1103 5602 hoe
1118 5542 1269 5617 spelunca,
1287 5560 1344 5615 pra.
1359 5560 1418 5616 qua
1434 5543 1489 5599 luit
1506 5541 1570 5614 ipsa
1584 5537 1693 5595 locata.
