3900 6090
127 300 186 362 359
367 296 641 361 repensamus
665 294 856 359 METENSIS
880 286 1103 358 spiscopus.
1129 329 1166 341 -
1188 291 1348 356 papiria
1370 293 1587 356 lllsl'oulclt.
1771 293 1833 354 360

124 433 212 490 sicuti
222 433 311 489 etiam
322 438 350 488 et
362 431 390 486 in
403 429 558 487 festivitate
569 430 600 485 B.
613 425 763 485 Michaelis
771 426 948 500 archangeli,
966 436 992 501 Α
1007 428 1170 496 refraenari
1181 425 1366 498 disciplinam
1379 441 1494 484 reserva
1505 431 1537 482 ut
1547 426 1624 483 sieut
1637 425 1720 483 Pater
1730 423 1833 498 culpa,

122 527 150 578 et
165 521 356 579 translatione
381 517 511 592 corporis
535 517 567 573 B.
585 515 788 573 bartholomaei
814 515 949 589 apostoli,
1007 515 1103 585 ferias,
1120 520 1148 573 ot
1163 533 1180 572 a
1194 515 1348 572 dilectione
1363 508 1491 573 tiliorum
1520 531 1595 588 quos
1623 512 1746 588 corrigis
1773 530 1833 570 nou

121 607 528 684 simulquelribuirnusatqoe
538 603 885 663 concedimus'licentiam
896 601 950 661 tibi
1005 603 1355 663 recedaslllisericordem
1372 608 1400 660 te
1414 608 1442 661 et
1457 609 1544 677 prout
1558 596 1652 660 virtus
1667 603 1789 676 patitur.
1803 642 1832 658 ..

122 700 238 772 tuisque
254 695 474 754 successoribus
485 694 638 767 episcopos
649 691 843 751 ordinandiin
856 691 903 748 his
913 690 952 747 vi·
1004 693 1270 766 exhibe,eppressis
1285 692 1413 749 defensio
1428 695 1480 748 tua
1495 688 1832 765 subvenial,cpprimen·

119 787 223 844 delicet
237 783 403 841 civitatibus
419 785 527 838 sanctae
536 781 666 855 Agatha,
679 778 814 848 Abelliui,
832 778 951 846 Quinto-
1005 783 1083 839 tibus
1103 782 1256 851 modestia,
1270 786 1299 839 et
1322 781 1396 838 ratio
1419 781 1610 837 contradicat.
1626 779 1746 836 Nullam
1761 774 1832 836 con·

119 874 236 944 decimi,
255 872 365 940 Ariani,
386 870 496 940 Asculi,
514 869 619 939 Bihini,
635 867 821 935 Vulturarire,
839 867 948 937 Larini,
1004 877 1049 929 lra
1052 913 1160 929 .....
1175 871 1330 944 despicias,
1347 868 1463 926 nullum
1479 872 1657 942 quaerentem
1678 869 1831 942 justitiam

119 961 271 1031 Thelcsiae,
286 961 363 1029 atio,
378 958 532 1026 formulae,
551 956 679 1014 Triveuti
696 955 949 1022 acoemetensi·
1003 978 1134 1033 spernas,
1152 958 1286 1016 custodia
1307 958 1336 1013 iu
1360 962 1388 1014 tc
1412 956 1558 1030 aequitalis
1582 955 1716 1027 excellat,
1732 960 1764 1013 ut
1777 974 1831 1014 nee

119 1055 271 1109 firmantes
301 1049 354 1106 tibi
383 1048 502 1121 tuisque
541 1046 762 1103 successoribus
789 1043 948 1101 Ecclesiam
1003 1050 1125 1106 divitum
1137 1049 1265 1121 potentia
1279 1047 1390 1120 aliquid
1401 1048 1479 1120 apud
1491 1046 1693 1104 teextraviam
1706 1047 1832 1104 suadeat

120 1144 149 1199 S.
165 1139 315 1197 Michaelis
327 1139 356 1194 in
368 1143 465 1195 monte
481 1139 615 1210 Gargano
632 1153 700 1191 cum
716 1135 779 1207 ipso
795 1133 948 1206 Sipontina
1002 1141 1107 1197 audere
1123 1138 1253 1205 rationis,
1272 1155 1323 1193 nee
1339 1153 1496 1209 pauperem
1512 1136 1547 1191 de
1562 1139 1591 1191 te
1607 1152 1661 1192 sua
1676 1135 1828 1191 faciathu-

118 1231 252 1298 ecclesia,
275 1234 304 1284 et
327 1245 395 1284 eum
419 1227 557 1282 omuibus
579 1243 681 1283 eorum
703 1223 896 1297 pertinentiis,
920 1228 948 1279 et
1002 1229 1111 1284 militas
1136 1229 1300 1299 desperare,
1327 1232 1473 1299 (protenus
1498 1225 1555 1280 Deo
1579 1224 1736 1296 adjuvante
1760 1223 1830 1281 talis

118 1320 256 1376 omnibns
272 1318 388 1391 praediis
401 1316 530 1384 familiis,
539 1314 693 1387 utriusque
703 1329 800 1380 sexus,
817 1309 949 1368 ecclesiis
1001 1317 1097 1389 possis
1107 1317 1230 1372 existere
1240 1313 1357 1387 qualern
1368 1328 1453 1371 sacra
1464 1313 1548 1370 lectio
1564 1313 1695 1385 precipit
1709 1313 1828 1369 dicans:

117 1414 146 1467 cl
164 1408 329 1480 massisque
355 1424 419 1479 quen
435 1405 581 1479 prodictio
596 1403 728 1459 ocoiosiio
742 1401 947 1483 periinppodi·
1001 1407 1107 1481 Oportet
1134 1407 1288 1478 episcopam
1317 1403 1586 1477 irreprehensibilem
1613 1419 1680 1459 erse.
1697 1402 1754 1458 Sed
1781 1401 1829 1459 liis

117 1503 309 1575 gnoseuntur.
335 1497 426 1568 Cujus
451 1499 549 1551 autem
554 1534 681 1550 .....
697 1493 792 1550 honor
814 1492 947 1548 modesta
1000 1497 1138 1553 omnibus
1154 1495 1261 1568 peteris
1272 1492 1430 1550 salubriter
1445 1493 1487 1548 uti
1503 1491 1529 1549 si
1544 1490 1715 1565 magistram
1730 1490 1830 1548 chari·

117 1593 235 1646 actuum
248 1585 400 1643 vivacitate
411 1584 573 1641 servandus
583 1588 639 1639 cst.
653 1582 811 1640 Hortamur
825 1580 947 1664 insuper
999 1589 1088 1642 talem
1104 1582 1345 1655 habueris,quam
1356 1580 1381 1638 si
1397 1581 1465 1654 quis
1480 1584 1600 1638 secutus
1615 1579 1733 1649 fuerit,a
1747 1584 1830 1637 recto

117 1682 149 1734 ut
161 1693 257 1735 mores
271 1674 452 1733 ornamentis
468 1672 654 1740 conveniant,
666 1687 699 1727 ac
715 1669 944 1738 conformentur,
999 1672 1157 1747 aliqnando
1167 1672 1285 1729 tramite
1296 1688 1353 1728 nen
1370 1670 1495 1727 recedet.
1511 1670 1594 1740 Ecce,
1610 1670 1701 1725 freter
1714 1668 1829 1727 charis·

116 1767 396 1843 quatenus,auetbre
406 1761 715 1831 llomino(reverende)
726 1758 833 1832 ubique
849 1757 983 1877 possisB
999 1763 1083 1832 sime,
1100 1762 1199 1836 qualia
1222 1761 1298 1844 inter
1322 1759 1416 1816 multa
1440 1759 1482 1816 tui
1498 1758 1558 1816 siut
1573 1757 1748 1828 sacerdotii3
1766 1757 1829 1816 haee

118 1852 461 1928 essceonspleuus.Vita
476 1846 943 1924 igiturtuafiliisluissitregula,
998 1850 1120 1927 pallium
1145 1851 1333 1919 comitantur,
1360 1866 1424 1922 qum
1449 1849 1473 1907 si
1496 1847 1628 1905 studlcse
1655 1847 1827 1918 servaveris,

117 1961 185 2001 cum
214 1943 362 2017 profectus
391 1956 492 1996 eorum
507 1957 524 1995 a
539 1942 589 1993 tuo
605 1939 729 2011 pendeat
753 1935 893 2007 exemplo,
911 1938 944 1991 ul
998 1935 1827 2015 quedforisaccepisseesteuderisiutushabebisl'idem

117 2037 201 2090 tuum
216 2036 283 2105 post
298 2030 376 2086 diem
391 2028 487 2085 valeas
504 2044 624 2084 securus
639 2027 734 2082 dicero
751 2043 756 2082 :
774 2027 829 2081 Cor
845 2038 943 2081 meum
998 2036 1096 2089 nutem
1112 2045 1200 2103 quarn
1216 2029 1245 2084 in
1261 2029 1320 2085 tuis
1339 2026 1471 2101 epistulis
1499 2025 1625 2084 breviter
1651 2025 1827 2098 ascripsistl,

118 2137 211 2194 neque
227 2135 377 2194 prospera,
393 2121 445 2173 aul
457 2133 520 2188 qua
535 2114 733 2189 temporaliter
753 2113 945 2170 blandiuntur
997 2119 1064 2176 lieet
1079 2119 1168 2176 latius
1183 2117 1337 2191 explanare
1353 2116 1507 2186 debueras,
1522 2114 1708 2187 Redemptori
1724 2119 1827 2172 tamen

116 2208 294 2274 extuleruul,
305 2223 400 2278 neque
411 2205 532 2261 adversa
547 2205 725 2277 dejecerunt,
736 2203 786 2259 sod
803 2201 943 2274 quiequid
998 2214 1097 2266 nostro
1112 2207 1221 2284 gratius
1236 2206 1351 2280 agimus
1368 2205 1445 2278 qued
1460 2222 1524 2262 eum
1538 2204 1569 2260 in
1584 2203 1648 2278 ipsa
1663 2203 1754 2261 etiam
1765 2204 1827 2262 bre

116 2297 188 2355 illud
210 2296 298 2354 fuerit
322 2293 468 2368 patientias
497 2293 667 2349 devincatur
690 2291 806 2348 virtute.
822 2290 942 2348 Nullum
997 2299 1085 2356 vitato
1107 2301 1216 2354 certam
1239 2313 1304 2353 asse
1326 2293 1542 2369 cognoscimus.
1568 2294 1677 2351 Sancta
1698 2286 1827 2350 Trinitas

117 2387 194 2461 apud
210 2386 349 2442 tetecum
366 2383 516 2440 inveniant
531 2382 608 2449 odia,
626 2381 874 2454 quemadmodum
890 2395 943 2437 uec
997 2388 1208 2445 fraternitatem
1225 2391 1305 2442 luam
1322 2385 1416 2458 gratia
1431 2401 1490 2441 suaa
1506 2382 1696 2458 protectionis
1699 2422 1824 2438 .....

120 2493 202 2534 amor
216 2475 428 2531 indiscretuste
436 2476 558 2545 occupet
569 2489 576 2541 ς
588 2471 748 2544 benignum
763 2475 791 2526 to
801 2470 868 2526 boni
880 2485 944 2526 sen·
996 2482 1084 2551 atque
1099 2477 1140 2533 ila
1155 2475 1274 2531 honoris
1296 2475 1343 2531 sui
1363 2473 1410 2532 via
1425 2479 1478 2530 nos
1495 2472 1613 2547 dirigat,
1627 2475 1661 2529 ut
1677 2477 1746 2551 post
1759 2472 1826 2528 rita

116 2564 375 2635 tiant,diserelum
386 2567 414 2618 io
429 2561 499 2618 ninii
515 2564 701 2635 cognoscant·
719 2559 812 2616 Fooiio
815 2601 941 2617 ·····
996 2567 1086 2639 hujus
1109 2563 1330 2635 amaritudines,
1347 2564 1383 2619 ad
1409 2566 1545 2637 aternam
1569 2559 1659 2618 simul
1673 2558 1826 2635 pervenire

115 2640 268 2712 iustitiam
284 2653 362 2727 apud
378 2656 405 2708 te
420 2649 596 2723 culpabilem
626 2649 776 2724 suggestio
792 2648 869 2705 mala
884 2666 942 2706 non
995 2654 1179 2712 dulcedinem
1195 2653 1489 2709 mcreamurdmen.

115 2742 236 2812 reddat;
253 2745 406 2798 nocentem
420 2740 516 2813 gratia
532 2744 583 2797 aut
599 2740 678 2795 farer
693 2755 750 2795 non
765 2744 941 2806 excussare·⁴
1031 2744 1178 2816 Scriptum
1203 2758 1254 2815 por
1277 2757 1399 2799 manum
1423 2742 1529 2798 Leonis
1552 2739 1659 2796 notarii
1688 2737 1824 2814 regiona-

115 2830 240 2887 missum
256 2835 285 2886 ta
299 2829 539 2903 delinquentibus
565 2847 623 2887 non
647 2830 795 2897 ostendas,
813 2845 848 2884 no
863 2828 940 2901 rpuod
995 2834 1030 2890 rii
1046 2833 1075 2890 S.
1094 2833 1126 2890 R.
1139 2833 1171 2888 n.
1184 2831 1214 2887 iu
1230 2829 1397 2888 decembris
1412 2846 1522 2899 mense,
1539 2827 1699 2885 indictione
1714 2826 1825 2886 duode-

116 2918 195 2976 ultus
211 2936 269 2974 non
285 2917 385 2987 fueris,
397 2916 551 2974 tolerantia
564 2918 725 2992 perpetrari
740 2917 864 2974 videaris
876 2934 940 2991 per·
995 2923 1082 2982 oimn.

116 3007 243 3063 mittere.
260 3005 349 3062 Sitia
364 3009 392 3062 te
407 3005 475 3062 beni
491 3005 618 3078 pastoris
641 3007 775 3075 dulcedo,
792 3011 819 3063 et
831 3005 942 3079 judicis
1030 3013 1137 3070 Datum
1151 3027 1201 3066 viu
1217 3009 1286 3066 fdus
1300 3008 1469 3066 Decembris
1494 3024 1547 3082 per
1570 3023 1678 3064 manus
1697 3006 1824 3065 Joauuis

115 3111 216 3151 severa
229 3094 383 3161 districtio,
401 3111 493 3150 unum
508 3095 586 3166 qued
603 3099 680 3151 recto
694 3093 820 3150 viventes
836 3095 939 3163 foreat,
994 3099 1123 3175 episcopi
1132 3102 1160 3155 et
1170 3097 1381 3154 bibliothecarii
1398 3099 1427 3154 S.
1445 3097 1528 3154 Sedis
1544 3095 1822 3170 apostolica,anno,

114 3181 238 3239 alterum
253 3182 330 3254 quod
346 3182 492 3255 inquietos
508 3200 525 3236 a
542 3183 682 3255 pravitate
701 3187 876 3256 compescat.
899 3224 906 3238 ·
929 3224 935 3238 ·
959 3189 1118 3261 cnemino
1129 3184 1624 3261 propitiapentidcatusodeardis
1634 3182 1824 3260 paraetoni·

117 3311 124 3326 .
148 3312 154 3324 .
177 3312 184 3324 .
206 3311 213 3324 .
235 3287 344 3326 amore.
370 3271 425 3326 Sed
447 3271 585 3344 queniam
606 3288 733 3345 persepe
752 3271 831 3327 zelus
850 3288 939 3343 snper
990 3276 1182 3335 versalisxlv
1197 3293 1289 3349 papa,
1306 3276 1336 3331 in
1351 3275 1551 3333 sacratissima
1566 3272 1634 3331 sede
1650 3274 1729 3332 beati
1745 3272 1821 3332 Petri

115 3365 290 3434 peccatores,
306 3360 378 3441 dum
405 3359 468 3415 vult
490 3360 595 3417 vindex
618 3361 795 3418 indiscretus
816 3360 938 3439 existere
992 3366 1126 3441 apostoli,
1142 3365 1237 3439 primo
1252 3369 1262 3437 (
1280 3368 1301 3436 ).

115 3436 222 3505 t‘raiisit
234 3437 264 3505 iu
280 3434 482 3533 crudelitatem
498 3448 650 3521 correptio,
662 3436 736 3506 iram
752 3449 817 3507 ideo
826 3447 938 3524 judicio

150 3609 317 3681 (lldxjam
333 3607 445 3664 recitati
469 3607 638 3681 diplomatis
667 3608 790 3669 lectione
818 3612 939 3669 observo
993 3634 1082 3693 quarn
1099 3611 1821 3690 pontificiumdiploma;hacouim(ulvidereest

115 3697 148 3737 eo
163 3679 279 3748 seculo,
306 3679 384 3752 quoe
413 3679 545 3737 omnium
575 3695 720 3738 consensu
748 3682 820 3738 rudo
835 3681 938 3739 barba·
993 3693 1022 3748 in
1030 3691 1093 3764 jan
1105 3686 1242 3755 meteriis)
1251 3702 1285 3741 rx
1295 3684 1464 3741 formulario
1477 3684 1515 3741 ali
1539 3702 1576 3740 uo
1591 3683 1823 3740 traducebantur

114 3751 398 3834 rumqucfuitptam
429 3752 560 3832 aposite
589 3750 939 3835 concinnatlsqueperio-
994 3778 1062 3820 cum
1078 3759 1136 3815 fera
1148 3757 1280 3815 omnium
1297 3757 1432 3828 idemque
1443 3756 1481 3812 sit
1493 3702 1641 3829 giiioalum
1657 3753 1822 3822 exordium,

114 3821 940 3967 diseeseulpepguffieagrpsooscrrtptumtdliiplemp;gpupd
994 3833 1072 3916 quod
1098 3845 1191 3901 usque
1216 3831 1251 3884 ad
1277 3828 1380 3886 Leonis
1397 3827 1430 3884 lx
1451 3831 1582 3901 tempora
1607 3831 1756 3884 servatum
1778 3841 1822 3882 re·

115 3911 244 3951 evenisse
282 3912 299 3950 u
388 3912 396 3949 1
496 3912 596 3979 psme
631 3912 817 3967 poniensi
876 3912 901 3952 ic
916 3914 939 3952 ι·
994 3922 1084 3977 perro.

116 3971 210 4022 tatum
223 3984 229 4033 ;
246 3965 421 4038 pastoralem
432 3971 539 4022 etenim
550 3966 648 4039 polius
663 3967 772 4024 redolet
785 3966 939 4040 epistolam

997 4112 1000 4118 ,
1254 4110 1257 4121 .

758 4308 834 4349 ΛΝΝΟ
853 4309 957 4352 ooslltu
981 4310 1179 4351 acccepmlv.

451 4449 1499 4698 Tripolitai-loos

810 4764 947 4806 Mernnsls
967 4765 1135 4807 srlsconUS.

387 4960 631 5056 nostrin
667 4959 988 5054 Hisnouloa
1028 4963 1088 5054 ΙΝ
1127 4964 1555 5058 sunopsuidoll

771 5111 855 5182 (eall.
872 5113 979 5171 Christ.
996 5120 1067 5172 tom.
1086 5115 1170 5186 xiv.)

126 5400 130 5407 -
152 5360 265 5423 Mortuo
278 5365 470 5433 adalberone,
487 5365 583 5421 Brune
602 5362 781 5421 coloniensis
797 5364 939 5439 tantisper
954 5371 977 5436 Ι]
992 5367 1216 5435 cassandrinus
1226 5367 1470 5428 Alberstadiensis
1480 5373 1510 5427 et
1520 5366 1695 5444 prepositus
1704 5362 1826 5440 Voreda-

117 5435 275 5494 Metensem
303 5437 376 5496 rexit
402 5435 572 5503 Ecclesiam,
590 5436 666 5493 unde
689 5435 828 5493 baculum
844 5437 938 5513 sancti
992 5438 1105 5506 densis,
1123 5438 1322 5511 proclamatus
1341 5445 1386 5497 est
1409 5441 1566 5515 episcopua
1589 5439 1627 5499 ab
1647 5439 1826 5515 impsmtole

116 5504 192 5579 Petri
202 5509 238 5565 od
249 5508 451 5586 Coloniensern
474 5505 632 5563 Ecclesiam
648 5507 800 5564 transferri
815 5509 936 5566 curavit.
992 5511 1096 5568 Ottoue
1112 5510 1185 5580 l,cui
1198 5512 1354 5593 sanguinis
1369 5512 1487 5583 viuculo
1500 5512 1665 5577 obstrictud
1675 5513 1827 5583 mutilem

116 5573 244 5637 brenulo
258 5584 355 5640 tamen
368 5597 445 5640 anuo
458 5577 729 5651 pessundedere
745 5595 797 5639 seu
812 5578 939 5639 iliodori·
992 5586 1020 5643 et
1035 5581 1164 5640 brunoni
1190 5581 1390 5657 archipresuli
1408 5583 1574 5647 coloniensi
1588 5600 1624 5647 ex
1638 5600 1746 5665 genem
1760 5601 1825 5647 ma·
