3908 6082
118 308 184 377 '729
748 316 922 381 ELOGlUltl
946 314 1202 381 atsroalcuu.
1230 334 1233 338 ’
1765 317 1826 383 'tao

122 448 260 506 abbatem
289 447 403 505 institui
432 448 552 518 citrarii,
569 454 602 506 ut
618 448 690 507 alias
707 450 848 507 dicemus.
866 432 1124 523 ldem'Apellcasi
1136 451 1269 510 dimensis
1279 453 1515 524 Parisinusis,sed
1531 455 1567 514 de
1582 430 1639 514 alio
1653 455 1826 530 cognomine

122 540 230 597 asserit
253 539 495 613 chronographus
519 540 732 606 Malleacensis,
748 539 797 612 qui
814 540 948 596 Guitbor·
1003 539 1346 615 dioecesis'Lingoaensis
1360 544 1580 617 intelligendum
1595 551 1650 618 cst,
1667 546 1717 603 ubi
1730 546 1827 603 bacte-

119 628 950 702 tumprimumblajorismoanstcriiabbatempostllaio·
1004 646 1061 684 nus
1090 635 1184 686 exstat
1211 632 1358 704 prioratus
1386 633 1523 705 praedicto
1551 640 1652 692 sancto
1682 637 1826 694 Germano

118 717 183 774 lum
202 724 287 774 uocat
308 719 344 774 ad
366 736 434 773 nau.
455 719 507 773 aba
523 718 640 788 (Caesar
662 727 725 775 toas.
742 719 779 783 ll,
793 735 857 790 pap.
874 718 947 788 830).
1004 719 1252 791 subjectuslditto
1268 721 1325 777 alia
1339 721 1433 778 multa
1448 740 1511 796 quae
1525 724 1554 780 in
1567 726 1629 796 jam
1646 724 1723 783 dieta
1738 726 1827 783 histo

118 808 162 863 Ad
189 809 423 863 reformationem
446 808 522 862 bauo
538 809 665 879 pertinet
679 806 810 863 Gerbcrti
826 804 949 878 epistola

119 897 220 953 abbati
234 896 352 969 Majoris
363 897 534 952 monasterii
547 896 698 968 scriptam
709 895 834 968 quuhaee
842 895 946 950 rerba:

121 1010 137 1037 a
152 991 253 1042 Servat
269 991 373 1042 natura
387 986 473 1053 vices,
492 992 625 1058 terraque
641 987 792 1053 boua,nou
809 1003 862 1041 suo
874 984 950 1055 judi·

120 1077 167 1133 cio
183 1077 233 1131 diu
245 1077 413 1142 infecunda,
431 1076 516 1131 llores
532 1077 706 1148 fructusque
725 1075 861 1147 parturit.
878 1075 949 1130 llcco

119 1165 200 1222 caim
212 1165 287 1221 boati
300 1164 417 1220 Martini
429 1163 753 1219 cellulanrouachorum
763 1163 880 1236 agmina
884 1164 948 1235 jem

120 1255 235 1310 dudum
251 1258 385 1308 emortua
401 1253 565 1318 resuscitat,
592 1252 709 1308 ltlartiai
733 1251 826 1308 virtus
841 1251 869 1306 in
887 1252 948 1308 suis

119 1343 275 1416 discipulis
291 1342 512 1415 dignosciturll
528 1341 636 1415 quibus
652 1341 742 1398 beata
758 1342 950 1398 couversatio-

120 1433 169 1490 nis
183 1433 348 1500 alumnum,
365 1437 505 1505 tanquam
534 1430 682 1504 exenrplar
697 1432 761 1486 vitan
778 1435 806 1486 at
821 1448 948 1497 morum,

119 1523 269 1595 accepisse
280 1520 414 1577 Osullum
426 1521 598 1593 gaudemus.
612 1542 625 1569 ‚›
639 1521 702 1576 Hac
714 1518 836 1592 epistola
847 1520 875 1575 in
888 1520 947 1574 edi-

120 1612 160 1668 tis
180 1611 260 1666 bunc
284 1609 403 1666 titulum
435 1608 732 1682 praescrutaberis
747 1609 949 1682 archiepiscopo

119 1700 214 1756 obtati
247 1700 355 1773 ldujoris
392 1701 563 1755 monasterii.
594 1700 650 1755 Sed
679 1698 836 1768 legendum
866 1703 947 1772 puto,

120 1788 254 1845 Adallrcro
270 1788 498 1860 archiepiscopus,
516 1792 549 1842 ut
563 1787 623 1842 lune
647 1786 770 1858 epistola
785 1785 894 1858 scripta
910 1785 948 1843 sit

122 1877 290 1934 aGerberto
302 1877 331 1931 ia
347 1893 471 1948 persona
480 1875 670 1931 Adalbcronis
681 1876 839 1931 Remorum
851 1874 949 1932 archi-

121 1967 264 2040 episcopi,
281 1966 321 2021 uti
338 1965 444 2021 01111110
460 1965 604 2038 (paredam.

157 2047 950 2112 38.VouioaddatissiodorensosanotiGermanimona·

120 2132 257 2212 sterium,
273 2142 380 2215 dequo
396 2142 456 2196 bac
472 2141 598 2214 legimus
613 2141 642 2196 iu
657 2140 780 2198 historia
798 2142 949 2215 episeopo·

121 2249 190 2289 rum
205 2229 505 2288 Autissiodorensium
518 2230 613 2302 capito
624 2231 658 2285 47
673 2230 702 2286 in
718 2231 868 2287 lleribcrto
888 2232 948 2304 cpi·

121 2338 212 2394 scopo
228 2320 274 2377 bis
288 2292 384 2376 verbis
403 2336 409 2374 ι
428 2343 441 2369 a
457 2319 552 2388 llujus
581 2335 649 2392 ergo
675 2319 864 2391 pontificatus
879 2325 950 2376 tom·

123 2425 205 2481 pore,
222 2408 280 2463 dux
304 2406 457 2462 lleiuricus
471 2406 536 2477 ojus
552 2406 651 2473 irater,
661 2410 693 2462 ut
709 2411 771 2462 crat
787 2407 877 2464 totius
890 2408 953 2464 reli·

1004 806 1047 861 ria
1061 808 1199 863 abbatum
1215 811 1307 865 sancti
1329 811 1464 867 Germani
1481 812 1516 869 do
1531 813 1663 870 lleldrico
1678 815 1825 888 leguntur,

1003 897 1090 966 cujus
1100 897 1198 952 obitus
1210 903 1276 970 post
1291 917 1383 954 annos
1398 901 1552 957 circiter‘ll
1571 904 1723 975 regiminis
1734 902 1825 959 couti·
1874 962 1884 973 „

1003 983 1081 1057 gisse
1106 986 1213 1042 dieitur
1229 1007 1276 1044 ma
1290 989 1423 1045 1111101111111
1436 991 1575 1047 ianuarii.
1590 991 1617 1048 ls
1632 993 1747 1049 videtur
1760 992 1826 1049 llel-
1934 1022 1936 1026 >

1004 1073 1135 1130 dricusa
1157 1077 1228 1148 Syro
1257 1076 1394 1133 laudatus
1409 1077 1438 1132 in
1455 1080 1604 1150 sequentis
1619 1080 1690 1136 vua
1706 1080 1780 1137 libro
1795 1099 1825 1149 11,

1003 1164 1080 1234 apud
1094 1164 1228 1220 Ottonem
1245 1167 1383 1239 Magnum
1401 1190 1414 1216 «
1432 1167 1459 1221 ia
1476 1166 1571 1223 laicali
1587 1169 1716 1240 potentia
1731 1169 1829 1242 praeci·

1003 1266 1090 1322 puus,
1108 1252 1157 1324 qui
1170 1256 1318 1326 quondam
1331 1256 1360 1310 ia
1372 1255 1456 1311 ltalia
1466 1257 1668 1313 interemtores
1683 1257 1828 1330 palatinos

1004 1341 1115 1396 exstitit
1132 1341 1311 1399 honorabilis
1328 1362 1334 1398 :
1353 1345 1401 1416 qui
1428 1344 1508 1401 uxori
1525 1363 1591 1401 eum
1607 1364 1714 1419 magna
1730 1365 1826 1404 rerum

1004 1429 1088 1500 copia
1103 1430 1326 1501 abrenuntians,
1343 1434 1474 1505 deposito
1502 1435 1619 1508 cingulo
1645 1436 1782 1494 cluniaco
1797 1456 1828 1495 sc

1003 1519 1167 1586 conterens,
1183 1520 1260 1576 beati
1283 1522 1429 1578 Benedicti
1446 1540 1476 1578 sc
1492 1524 1623 1580 subdidit
1638 1526 1795 1598 proposito.
1812 1549 1826 1580 s

1004 1605 1037 1684 ln
1052 1608 1193 1680 praedicta
1207 1611 1301 1666 sancti
1316 1610 1452 1667 Germani
1469 1613 1608 1669 abbatam
1624 1613 1747 1672 historia
1761 1614 1829 1691 legi-

997 1699 1063 1766 tur,
1080 1694 1249 1754 lleldricum
1262 1716 1294 1755 eo
1310 1704 1450 1781 tempere,
1464 1718 1521 1773 quo
1536 1703 1693 1760 lietbertus
1708 1705 1827 1762 10111111-

1003 1785 1194 1842 tissiodorum
1207 1789 1403 1861 expugnabat,
1421 1805 1488 1845 cum
1503 1789 1624 1847 Odilone
1645 1791 1828 1850 Cluniaeonsi

1005 1874 1110 1930 abbate
1127 1892 1158 1930 sc
1172 1875 1359 1931 transtulisse
1372 1899 1385 1925 u
1397 1878 1432 1932 ad
1449 1876 1528 1933 aliud
1545 1880 1756 1936 monasterium
1770 1899 1829 1937 sua

1004 1963 1107 2020 ditioni
1126 1964 1372 2037 subditum,quod
1384 1966 1544 2022 lteomaum
1557 1968 1740 2041 (Reomacns)
1751 1986 1832 2026 voca·

1004 2057 1074 2108 tur:
1093 2077 1103 2105 s
1123 2053 1201 2125 quod
1231 2053 1443 2110 monasterium
1465 2053 1571 2111 blaiolo
1586 2057 1683 2113 abbati
1698 2058 1832 2129 paruisse

1004 2142 1088 2197 docet
1116 2141 1239 2197 historia
1270 2142 1470 2212 Recmueasis,
1487 2144 1608 2202 Reverio
1636 2151 1764 2215 auctore,
1780 2148 1831 2204 scd

1004 2247 1061 2286 noa
1088 2231 1128 2286 ita
1152 2235 1185 2286 ut
1208 2230 1346 2287 cluniaco
1368 2232 1519 2305 subjectam
1533 2239 1610 2291 esset
1624 2253 1657 2292 co
1673 2236 1832 2310 modoque

1006 2324 1107 2392 postea
1123 2320 1177 2374 sub
1193 2320 1314 2392 liugane
1330 2320 1390 2376 brec
1407 2321 1549 2393 subjectio
1567 2340 1597 2380 se
1612 2324 1724 2381 babuit.

1041 2408 1086 2462 39.
1104 2408 1183 2463 1110111
1201 2408 1230 2462 111
1246 2407 1414 2465 Divioneasi
1445 2412 1538 2466 sancti
1555 2413 1676 2487 llcnigni
1691 2415 1833 2471 asceterio

122 2495 271 2570 giositatis
306 2500 429 2562 amator,
461 2496 672 2551 arianastcrium
708 2496 785 2551 beati
816 2496 953 2553 Germani
1008 2494 1132 2551 blaiolus
1161 2495 1331 2568 prestitisse
1358 2497 1528 2568 perhibetur
1541 2498 1570 2555 in
1587 2501 1724 2559 chronico
1749 2504 1832 2560 Beni·

123 2587 235 2642 donuae
251 2584 356 2641 llaiolo
378 2583 528 2640 commisit
553 2583 662 2652 abbati,
680 2583 806 2657 qualiter
820 2585 954 2642 videlieet
1007 2583 1226 2657 gaiano.Brunn
1237 2584 1383 2656 siquidem
1396 2586 1590 2659 Lingonensis
1603 2591 1727 2646 antistes
1736 2591 1833 2649 locum

124 2675 271 2749 regularis
286 2691 395 2729 norma
411 2673 560 2728 tramitem
577 2672 649 2728 inibi
663 2673 865 2740 constitueret,
878 2675 954 2730 sicut
1008 2673 1038 2729 in
1051 2673 1155 2729 melius
1175 2675 1331 2730 reformare
1347 2672 1457 2743 volens,
1471 2675 1609 2732 ltlaiolum
1626 2677 1699 2734 adiit
1713 2680 1777 2752 ejus
1793 2682 1833 2737 rei

126 2782 179 2839 per
194 2763 287 2820 multa
302 2762 365 2819 loca
380 2768 439 2818 tam
455 2763 485 2818 iu
501 2761 585 2818 ltalia
600 2780 689 2836 quam
706 2762 735 2817 in
752 2762 955 2834 Galliadigno·
1008 2762 1123 2834 gratia:
1142 2786 1155 2813 a
1172 2762 1263 2834 Cujus
1278 2763 1415 2835 precibus
1429 2763 1521 2819 flexus
1545 2767 1721 2822 reverendus
1743 2768 1835 2824 abbas

126 2853 265 2910 scebatur
293 2852 397 2908 lesisse
427 2851 649 2907 monachorum.
668 2852 765 2925 Longo
794 2851 872 2908 onim
890 2853 953 2924 jam
1008 2850 1134 2906 Maiolus
1164 2850 1244 2906 dedit
1268 2850 1292 2906 ei
1309 2851 1462 2907 duodecim
1492 2853 1651 2910 nronacbos
1680 2855 1835 2928 disciplina

130 2944 279 2998 transacto
294 2944 435 3012 temporo,
452 2939 533 2994 locris
555 2939 664 2994 ibidem
689 2940 799 3011 absque
818 2941 956 2997 abbateu
1009 2944 1117 2996 sanctae
1134 2938 1282 3012 roligionis
1302 2940 1470 3007 instructos,
1487 2941 1585 2996 (lirina
1599 2946 1628 2999 et
1643 2943 1774 2999 bumana
1788 2962 1834 3005 sa·

128 3029 295 3103 prepositis
315 3028 480 3100 regebatur.
497 3027 551 3094 Qui
579 3032 728 3100 gratanter
755 3028 838 3085 illum
865 3029 956 3086 susci·
1010 3027 1120 3101 pientia
1129 3028 1395 3096 doctos,nobilitate
1407 3030 1517 3085 carnali
1528 3029 1630 3088 claros.
1639 3032 1689 3088 llis
1699 3034 1834 3089 abbatem

129 3121 361 3194 piens,rogulari
377 3118 559 3176 districtione
569 3135 691 3190 quaeque
706 3124 851 3191 repererat
861 3119 954 3188 devia,
1010 3117 1138 3190 praleoit
1159 3117 1348 3173 ·ll'illclmum
1375 3119 1503 3187 nomine,
1520 3124 1548 3174 ot
1563 3126 1675 3193 patrem
1697 3122 1834 3194 spiritua·

129 3211 166 3267 ad
183 3226 313 3285 unguem
338 3207 472 3264 correxit.
490 3208 680 3264 Postmodum
696 3225 762 3264 vcro
776 3207 819 3263 vir
834 3193 990 3264 sanetus'd
1009 3207 1067 3263 lem
1084 3207 1139 3263 sibi
1156 3205 1345 3280 poscentibus
1362 3207 1430 3263 filiis
1445 3209 1566 3280 petiit.»
1584 3210 1639 3266 Sed
1655 3210 1691 3266 de
1703 3228 1736 3268 eo
1751 3210 1837 3285 plura

129 3316 164 3355 ac
174 3297 348 3354 uenerabilis
361 3296 486 3353 Mniolus
496 3296 624 3370 proiecit
635 3295 743 3353 ibidem
753 3298 848 3353 aarum
864 3297 955 3354 hono·
1009 3296 1039 3351 iu
1055 3297 1145 3369 hujus
1157 3296 1225 3351 Vita
1239 3297 1269 3351 in
1285 3296 1390 3352 saecula
1406 3297 1552 3369 sequenti.

129 3387 253 3443 rabilem
269 3386 437 3442 lleldricum
449 3385 650 3458 abbatom,qui
664 3390 693 3441 ct
705 3385 767 3458 ipsc
783 3387 955 3458 pradictum
1047 3387 1242 3458 taujandin
1255 3387 1362 3460 nogotii
1378 3404 1468 3443 curma
1479 3388 1667 3446 Fiscamnum
1678 3390 1836 3448 arcessitus

129 3477 227 3532 locum
239 3475 274 3531 ad
286 3474 428 3547 regularis
441 3474 515 3529 boati
528 3475 674 3531 Benedicti
685 3475 811 3531 tramitis
821 3476 957 3531 informa·
1010 3479 1055 3530 est
1067 3492 1084 3530 a
1095 3475 1240 3531 llicburclo
1251 3476 1500 3531 Nortmanaorum
1517 3477 1591 3534 duce
1607 3477 1742 3548 Maiolus,
1759 3485 1792 3537 ut
1807 3481 1836 3536 in

127 3565 171 3622 vit
187 3565 302 3622 callem.
323 3567 415 3632 Quem
431 3565 586 3637 praedictus
602 3565 768 3637 episcopus,
786 3583 838 3622 uec
854 3583 912 3622 nou
927 3571 956 3622 ct
1011 3563 1107 3618 locum
1118 3564 1326 3619 cauouioorum
1343 3564 1503 3620 monachos
1519 3564 1595 3621 istuc
1611 3567 1787 3624 restitueret.
1806 3569 1836 3624 ld

128 3655 294 3727 iraterejus
305 3655 364 3709 dux
376 3654 518 3709 chrious
529 3653 620 3709 nimio
641 3671 708 3709 cum
720 3654 782 3708 suis
792 3653 957 3710 dilexerunt
1010 3668 1077 3707 vcro
1092 3651 1209 3723 aggredi
1224 3651 1318 3706 noluit
1327 3652 1371 3706 vir
1381 3656 1512 3719 sauctus,
1529 3653 1557 3707 ni
1570 3654 1734 3710 bichardus
1745 3656 1836 3712 tribu-

128 3759 267 3799 amore.»
284 3742 332 3798 Sic
359 3740 467 3814 legitur
495 3741 525 3794 ia
551 3739 857 3796 tomolbibliothccoe
880 3740 956 3796 Lab·
1011 3740 1198 3812 tum,«quod
1214 3739 1389 3812 pasnagium
1401 3739 1528 3795 dicitur»
1539 3740 1618 3812 (Sao.
1631 3758 1650 3796 11
1661 3743 1759 3799 Beacd.
1771 3760 1835 3814 pap.

111 3815 240 3900 11001110,
253 3831 382 3886 ubiitem
395 3830 525 3885 editacst
535 3829 702 3886 historiado
710 3827 806 3887 Gestis
816 3829 956 3887 abbatum
1010 3829 1085 3898 915),
1103 3826 1231 3885 subditis
1259 3826 1321 3883 suis
1341 3826 1504 3884 relaxaret:
1521 3830 1596 3900 quod
1614 3844 1680 3885 eum
1697 3830 1762 3886 duci
1779 3849 1837 3887 uon

127 3922 224 3979 sancti
255 3919 392 3977 Germani
419 3919 695 3987 Autissiodorensis,
713 3919 742 3973 iu
758 3920 843 3991 cujus
863 3919 957 3992 capite
1011 3917 1231 3992 placuisset,rcs
1242 3916 1278 3972 ad
1288 3915 1427 3972 willelmi
1440 3917 1554 3974 abbatis
1565 3933 1632 3974 mox
1642 3918 1753 3975 laudati
1763 3923 1837 3976 tom·

128 4010 226 4086 primo
238 4010 298 4066 hac
313 4009 409 4064 lusius
424 4009 592 4064 referuntur
603 4026 609 4076 ;
621 4011 709 4080 atquo
726 4007 852 4063 lleldrici
867 4008 956 4064 abba·
1011 4025 1067 4082 pus
1083 4007 1173 4063 dilata
1189 4011 1242 4063 cst.

128 4098 525 4156 tisibideminslitutiolacta
535 4096 954 4154 dicitur«anaoDomini989.»
1047 4098 1092 4153 ll.
1110 4095 1164 4152 Sed
1178 4094 1301 4151 illustris
1312 4095 1341 4150 in
1353 4094 1457 4168 primis
1468 4094 1521 4151 luit
1531 4098 1699 4154 reformatio
1714 4099 1838 4156 caenobii

124 4189 184 4257 Oui
198 4187 350 4244 Heldricus
367 4210 381 4236 a
397 4191 514 4259 propter
543 4204 627 4242 suam
645 4186 831 4243 sanctitatem
845 4192 875 4243 et
890 4187 956 4243 reli·
1012 4186 1104 4243 sancti
1129 4183 1224 4241 ltlauri
1249 4185 1432 4240 l'ossatensis
1456 4201 1545 4256 prope
1566 4186 1703 4255 Parisios,
1719 4187 1776 4246 latc
1792 4190 1839 4245 de·

127 4278 227 4353 giouis
243 4278 384 4334 servorem
409 4275 512 4331 multis
527 4275 674 4331 nobilibus
690 4275 797 4332 charus
813 4274 900 4332 suerit
917 4293 923 4331 1
943 4299 954 4324 a
1012 4273 1249 4347 scriptaindetis
1261 4273 1421 4329 Barchardi
1438 4274 1565 4340 comitis,
1581 4293 1670 4348 quam
1686 4277 1715 4332 in
1731 4278 1837 4334 seculo

129 4369 161 4424 iu
177 4369 263 4440 cujus
278 4365 401 4439 gratiam
420 4387 433 4415 «
448 4364 623 4420 venerabilis
637 4364 695 4420 Deo
725 4363 814 4436 digna
839 4365 958 4421 ducissa
1011 4363 1143 4437 proximo
1159 4363 1328 4418 reseremus.
1339 4362 1381 4418 lbi
1396 4362 1504 4437 quippe
1519 4363 1626 4438 legitur
1640 4364 1726 4422 istius
1741 4382 1837 4421 coeno·

127 4455 300 4523 Gerscndis,
315 4454 463 4527 saepedicti
479 4452 888 4524 1111015(110111101)11110111νί10
903 4469 956 4509 suc
1003 4441 1051 4507 'bii
1068 4456 1177 4507 statum
1189 4451 1364 4523 blegennido
1381 4452 1486 4508 abbate
1501 4469 1534 4507 eo
1550 4452 1719 4525 prolapsum
1735 4453 1836 4523 luisse,

129 4544 225 4619 petiit,
241 4548 270 4599 ct
284 4542 412 4599 obtinuit
435 4541 645 4598 monasterium
666 4541 759 4597 sancti
776 4543 954 4616 Leodegarii,
971 4564 995 4628 D
1012 4545 1044 4596 ut
1059 4541 1150 4597 abbas
1165 4539 1228 4612 ipsc
1252 4537 1359 4595 nabilis
1384 4540 1515 4610 quidem,
1530 4541 1580 4595 sed
1595 4541 1660 4596 vitu
1675 4539 1835 4610 solutioris,

129 4633 209 4707 quod
234 4631 390 4707 campellis
414 4630 531 4698 dicitur,
549 4630 642 4687 eidem
662 4630 817 4697 committi,
835 4647 957 4704 sperans
1013 4652 1026 4679 «
1042 4628 1183 4702 depositis
1198 4627 1420 4685 monachalibus
1435 4628 1626 4699 indumentis,
1642 4629 1836 4702 pretiosarum

127 4721 204 4778 illud
220 4737 272 4793 per
285 4738 352 4776 oum
369 4721 404 4776 ad
421 4720 564 4793 regularis
577 4720 642 4776 reita
658 4736 791 4775 normam
808 4736 894 4793 posse
910 4737 956 4778 re·
1012 4717 1133 4792 pellium
1156 4716 1335 4792 tegumentis
1363 4721 1561 4785 exornaretur,
1579 4717 1836 4793 calamantumque

128 4811 209 4868 duci.
226 4809 305 4866 Idem
335 4810 413 4865 onim
442 4809 783 4865 monasteriumabonra
808 4808 955 4866 memoriae
1011 4805 1551 4880 optimumprocapitiohumilicapiti
1568 4806 1767 4879 imponcrotpi
1785 4808 1835 4880 qui

128 4899 305 4956 'theodrada
326 4896 720 4971 (ul.'ll1eogradarrr)regina
747 4896 869 4969 (scilicet
896 4896 957 4953 filia
1011 4897 1085 4951 ritus
1109 4900 1138 4950 ot
1162 4895 1192 4951 in
1221 4893 1287 4950 aliis
1317 4895 1504 4950 monasteriis
1532 4894 1689 4952 Gallicanis
1702 4895 1731 4952 iu
1748 4913 1834 4952 usum

128 4986 225 5044 Caroli
238 4987 368 5054 lll.;nam
391 4986 467 5042 filius
487 5003 589 5060 regum
608 4985 722 5058 reginas
734 4986 791 5042 dici
804 5002 868 5042 mos
882 4990 955 5054 erat)
1009 4985 1130 5041 venerit.
1148 4983 1334 5039 Barchardus
1362 4982 1417 5037 loci
1446 4984 1644 5040 conditionem
1667 4984 1833 5054 miseratus,

128 5080 329 5133 restauratum
357 5076 460 5141 lucrat,
477 5081 506 5130 ct
517 5075 679 5130 monastico
696 5073 790 5129 ordini
805 5073 955 5145 mancipo·
1008 5073 1098 5130 Adice
1108 5071 1418 5144 monacboinstigantc
1429 5089 1527 5144 regem
1538 5074 1689 5145 Hugouem
1701 5074 1837 5148 interpel-

129 5165 283 5233 tum3sed
308 5166 371 5236 Jam
402 5165 528 5236 peccatis
558 5163 741 5237 erigentibus
765 5161 954 5236 aplusquam
1009 5162 1087 5228 lavit,
1106 5166 1137 5216 ut
1155 5160 1210 5216 sibi
1229 5161 1413 5216 restituenda
1425 5161 1495 5217 inibi
1512 5161 1672 5234 disciplinae
1687 5163 1835 5235 provincia

128 5256 326 5311 ducentorum
350 5270 495 5309 annorum
512 5253 606 5326 spatio
623 5253 659 5307 ab
675 5252 764 5324 hujus
779 5251 872 5308 sancti
888 5268 954 5324 prn-
1009 5250 1409 5306 committerctur.drinuente
1421 5268 1487 5324 rege
1499 5251 1732 5308 llurcbardusad
1744 5251 1833 5309 Maio·

129 5341 218 5417 positi
233 5342 346 5398 lumine
362 5343 495 5398 funditus
506 5343 693 5398 exstinctum.
708 5341 836 5395 »Exstat
851 5340 904 5394 bac
919 5339 955 5394 dc
1009 5338 1266 5410 lumperrexit‚qui
1276 5339 1394 5394 taudem
1404 5340 1833 5414 agreacquiesccus,aaeceptis

129 5448 161 5488 re
171 5429 301 5503 diploma
321 5431 449 5486 llotberti
472 5432 547 5504 regis
562 5431 590 5484 in
605 5430 655 5486 lib.
672 5448 699 5486 vr
711 5431 750 5485 lle
762 5430 801 5484 110
812 5428 954 5500 diploma·
1009 5427 1410 5502 perfectioribussuicoenobii
1423 5427 1832 5497 iratribus»isthuoaceessit.

127 5521 199 5588 tica,
214 5537 280 5592 pag.
296 5522 358 5587 578,
376 5521 424 5575 ubi
451 5521 622 5592 corrigenda
646 5520 757 5575 notatio
774 5520 809 5574 do
824 5518 955 5574 coenabio
1010 5518 1205 5574 solutioribus
1222 5518 1374 5573 ruariacbis
1386 5519 1453 5573 data
1461 5519 1577 5590 optione
1591 5517 1635 5575 vel
1651 5536 1718 5575 cum
1736 5518 1831 5576 ldsioli

128 5609 225 5666 saneti
242 5608 408 5681 Leodegarii
426 5610 618 5682 Carirpcllensi
638 5627 643 5663 ;
662 5609 739 5682 quod
756 5625 813 5663 nen
829 5608 956 5665 rleCam·
1010 5606 1163 5681 discipulis
1187 5608 1401 5675 commanendi,
1420 5607 1444 5663 si
1469 5607 1641 5681 regulariter
1668 5610 1832 5682 conversari
