3900 6090
132 290 209 354 {tor

130 418 257 491 Judaici,
266 419 380 493 plebem
391 416 506 475 Domini
523 415 572 490 qui
586 415 658 471 rexit
672 413 804 482 herilem,

129 511 233 573 illicito
249 511 345 581 nuptm
359 508 456 564 subito
472 509 633 579 proventus
646 520 753 571 amore,

131 603 196 659 Non
211 599 304 665 timot,
321 596 437 653 insidiis
452 595 706 652 circumveniendo
723 591 843 660 dolosis,

132 690 282 747 lusontem
297 685 357 741 vita
372 685 506 739 fraudare
522 683 616 738 virum
628 682 691 737 sino
705 698 804 746 eausa,

133 776 307 849 Complexus
318 774 411 828 chara
427 772 506 826 licito
522 789 579 843 quo
595 776 693 842 posset
706 768 830 823 hahere?

134 867 200 932 Sed,
216 867 383 936 postquam,
400 860 473 916 iratis
490 859 662 932 perterritus
678 856 861 913 advenientis

132 953 302 1020 Admonitu,
315 950 416 1022 culpas
432 949 536 1004 didicit
551 949 657 1003 dellere
672 944 823 1019 gomellaS,

135 1039 390 1113 Belovitlacrymis
404 1038 491 1093 tacite
507 1035 637 1092 maculas
654 1036 711 1090 cito
728 1033 834 1099 cordis,

134 1129 272 1204 Suscepit
286 1145 404 1184 rursum
420 1126 578 1198 prophetiae
594 1141 710 1197 quoque
725 1123 856 1178 domum.

135 1221 210 1289 Quid
226 1219 348 1275 reseram
366 1217 493 1279 Petrum,
510 1213 624 1269 Christo
640 1216 774 1277 testante,
792 1213 923 1267 heatuml

136 1309 191 1378 cui
206 1311 283 1382 post,
295 1304 429 1378 quamvis
442 1303 582 1369 solvendi,
595 1302 762 1374 pariterque
777 1301 899 1373 ligandi,

136 1399 195 1454 Nec
210 1414 268 1453 non
280 1393 433 1466 stelligera
449 1392 544 1448 claves
559 1394 709 1464 acceperat
724 1389 806 1458 aula,

137 1487 191 1544 Pro
202 1485 269 1541 fidei
285 1484 368 1538 roctae
385 1481 456 1537 satis
469 1498 605 1553 expressa
619 1480 742 1546 ratione,

137 1573 325 1640 Detestando,
342 1571 434 1626 Deum
451 1586 515 1626 sese
531 1585 705 1641 cognoscere
716 1567 866 1623 Christum

138 1663 256 1731 Renuit,
272 1659 493 1717 ancillavocom
510 1658 667 1713 metuendo
683 1656 825 1724 nefanda,

138 1752 197 1810 Neo
212 1747 312 1817 semel,
329 1751 381 1803 aut
393 1745 471 1801 binis
481 1745 605 1812 vicibus,
622 1744 672 1800 sed
688 1743 814 1816 denique
828 1741 928 1809 ternis,

533 281 801 347 HROTSUlTHAE
823 275 1012 343 MONlALlS
1036 275 1434 338 GANDEllSllElMliNSlS

968 409 1180 483 AOpprobriis
1195 407 1286 483 tangi,
1303 407 1446 482 colaphis,
1463 407 1555 481 alapis
1570 423 1688 480 quoque
1704 406 1792 475 cadi,

1765 271 1845 334 {tou

1012 500 1160 571 Sacraque
1173 497 1284 570 pulsari
1302 498 1412 554 crebris
1427 515 1481 554 sua
1495 495 1726 571 tergallagellic,

1012 590 1106 659 Atque
1122 585 1217 658 sputis
1234 585 1313 641 rutili
1328 585 1455 657 speciem
1469 584 1568 640 vultus
1582 584 1740 640 maculari.

1013 678 1155 748 Cumque,
1172 678 1328 730 coronatus
1342 674 1446 746 spinis,
1463 678 1492 730 ct
1504 673 1569 730 selle
1584 678 1719 747 potatus,

1014 768 1082 832 Quae
1098 781 1180 819 sacra
1196 764 1328 835 praedixit
1340 763 1497 836 scriptura,
1508 781 1559 836 per
1571 781 1657 820 omne
1672 763 1812 836 replevit,

1015 855 1163 910 Postremo
1180 853 1271 908 sacris
1286 853 1417 924 expassis
1429 853 1458 908 io
1470 870 1555 908 eruco
1570 853 1691 925 palmis,

1015 943 1073 999 Ceu
1090 947 1188 1014 pastor
1198 938 1293 1005 veras,
1305 942 1445 999 bonitatis
1460 943 1569 998 honore
1581 944 1720 1009 decorus,

1016 1031 1069 1087 Pro
1085 1032 1170 1086 nohis
1185 1031 1315 1094 animam
1332 1031 1460 1087 moriens
1475 1031 1601 1102 ponebat
1610 1033 1787 1101 amandam,

1015 1123 1109 1192 Atque
1126 1118 1318 1191 sepulcralem
1334 1121 1460 1194 dignans
1476 1119 1604 1193 suscepit
1617 1120 1776 1177 honorem.

1017 1210 1100 1278 llinc,
1118 1207 1231 1263 inlerna
1245 1213 1357 1280 petens,
1373 1207 1452 1264 erebi
1467 1225 1583 1281 quoquc
1598 1209 1731 1266 claustra
1756 1209 1849 1266 resol-

1767 1300 1852 1372 [vens

1018 1388 1140 1445 Mortem
1157 1387 1421 1456 destruxit,mortis
1436 1391 1607 1460 patremque
1619 1387 1737 1461 ligavit,

1018 1479 1214 1547 Tartareoque
1230 1491 1299 1531 suos
1314 1477 1401 1532 traxit
1415 1477 1452 1531 de
1465 1492 1579 1532 carcere
1591 1477 1704 1548 justos,

1017 1568 1058 1623 Ae
1073 1565 1114 1620 sic
1130 1580 1186 1618 non
1201 1581 1290 1636 parva
1304 1565 1396 1620 victor
1411 1565 1569 1621 comitante
1583 1569 1702 1621 caterva

1018 1655 1061 1711 Ad
1077 1669 1199 1726 superos
1214 1653 1311 1722 rediit,
1326 1652 1478 1725 proprium
1494 1669 1661 1725 corpusque
1678 1654 1822 1725 resumit,

1019 1743 1100 1810 Quod
1117 1742 1172 1798 luit
1183 1742 1212 1796 in
1225 1743 1312 1798 busto
1325 1741 1460 1798 clausum
1479 1743 1534 1798 sub
1550 1758 1700 1799 marmore
1715 1760 1840 1817 magno.

139 1841 217 1898 MC
241 1837 299 1895 Ceu
323 1850 475 1909 nunquam
499 1833 607 1903 visum,
624 1833 746 1888 charum
771 1835 858 1904 negat
879 1835 966 1902 atquo
1020 1832 1119 1889 Tertio
1132 1849 1219 1904 quom
1234 1831 1331 1886 vivum
1346 1831 1419 1886 vidit
1432 1830 1483 1885 lux
1497 1845 1584 1886 omna
1600 1847 1653 1903 per
1664 1848 1777 1904 aarum,

734 1921 929 1993 [magistrum.

104 2027 113 2041 ⁸
141 2018 210 2083 Sed,
222 2012 445 2088 quiacondigno
461 2010 577 2083 lapsum
594 2010 709 2065 dellevit
724 2011 759 2064 ab
772 2025 820 2064 ore
848 2017 849 2020 ’

142 2107 307 2170 Peccatum,
319 2101 407 2157 venia
424 2099 532 2155 meruit
546 2098 729 2154 medicamen
746 2096 859 2168 opime,

142 2191 260 2251 Scilicet
275 2194 363 2262 atque
373 2188 452 2261 gregi
463 2189 567 2260 jussus
583 2203 707 2259 proeesse
723 2185 811 2253 lidoli,

144 2280 282 2352 Princeps
297 2276 431 2334 Ecclesiae
442 2281 543 2348 pastor
552 2277 585 2331 fit
593 2276 661 2346 jure
676 2279 807 2331 sacrata.

143 2369 265 2426 Talibus
281 2384 314 2423 ac
325 2366 426 2431 tantis,
442 2365 507 2421 aliis
525 2363 685 2437 multisque
700 2364 803 2437 figuris

143 2457 332 2525 Admonitus,
346 2454 472 2511 similem
487 2472 543 2520 mo,
556 2454 709 2526 sperabam
723 2453 862 2525 pietatem

143 2550 167 2605 A
182 2546 298 2604 Christo
310 2545 396 2601 citius
412 2561 462 2615 per
477 2548 505 2598 te
520 2543 691 2615 conquirere
706 2558 801 2612 posse.

179 2636 232 2692 Cui
243 2633 324 2690 vultu
339 2633 448 2690 blando
464 2631 579 2687 dicebat
595 2635 696 2687 sancta
712 2629 813 2698 Mario,

144 2724 271 2782 Tristem
286 2721 433 2778 mellifluae
446 2720 577 2776 refovens
589 2719 743 2775 dulcedine
758 2718 866 2791 lingue
883 2735 889 2772 :

145 2812 176 2872 Si
190 2815 218 2868 to
233 2810 426 2868 commissum
441 2809 542 2864 turbat
557 2808 732 2879 facinusque
746 2808 918 2876 uelandum,

144 2901 290 2958 Concedet
307 2903 340 2954 ut
354 2897 451 2953 cordis
466 2914 611 2952 consensu
627 2896 794 2952 confitearis

146 2989 216 3057 lloe,
233 2988 311 3060 quod
328 2987 461 3042 mendaci
477 2987 598 3041 demens
615 3003 750 3041 sermone
765 2985 888 3059 negasti,

145 3079 254 3152 lpsum,
272 3093 359 3150 quem
374 3074 482 3148 peperi,
495 3075 589 3130 Patris
604 3075 711 3131 Natum
722 3076 781 3131 fore
797 3075 917 3142 summi,

145 3166 200 3234 Qui
211 3165 302 3237 judex
317 3164 416 3220 orbem
427 3163 522 3218 veniet
538 3180 674 3219 renovare
689 3180 740 3235 per
750 3163 847 3236 ignem

144 3256 181 3312 m
194 3256 262 3327 post
276 3252 337 3308 hac
352 3253 470 3308 tandem
487 3269 539 3323 pro
556 3256 583 3307 te
600 3268 745 3323 prosumo
761 3269 873 3324 rogaro.

145 3342 197 3399 Illo
211 3342 342 3414 quidem,
354 3356 458 3395 rursus
474 3338 651 3410 lacrymans,
666 3338 730 3393 intit
744 3340 933 3395 vicedomnus
950 3357 956 3395 :

145 3431 168 3487 0
182 3428 289 3484 dilecta
304 3427 355 3483 Dei
370 3427 496 3499 genitrix
512 3427 700 3482 sanctissima
710 3426 828 3495 Christi,

145 3521 213 3585 Qua
228 3515 294 3571 miti
309 3515 419 3571 refoves
433 3518 555 3570 cunctos
571 3515 677 3587 pietate
692 3515 803 3584 fideles,

144 3609 206 3674 Quo
218 3609 322 3678 pacto?
336 3620 394 3676 quo
406 3604 474 3675 jore
490 3605 610 3675 quidem
626 3603 793 3677 contingere
808 3607 925 3663 tandem

143 3692 301 3753 Altithroni
318 3709 424 3748 nomen
447 3696 593 3759 sanctum,
609 3693 783 3761 venerabile,
801 3712 953 3769 magnum,

144 3782 246 3840 Infelix
261 3799 313 3856 ego
329 3781 448 3856 pollutis
459 3798 604 3853 praesumo
614 3781 738 3847 labellis,

1021 1920 1220 1993 Discipuliquc
1231 1920 1276 1976 sui
1293 1920 1394 1975 crebro
1409 1920 1507 1975 videre
1521 1918 1610 1988 boati,

1021 2011 1121 2084 ipsum
1138 2027 1215 2066 nunc
1230 2014 1462 2076 convescentem,
1479 2023 1557 2063 nunc
1579 2023 1649 2081 ergo
1666 2007 1844 2081 loquentem

1022 2099 1128 2155 lllisdc
1143 2114 1231 2170 regno
1247 2096 1324 2152 dulci
1337 2112 1472 2152 sermone
1488 2095 1597 2151 futuro.

1023 2187 1091 2243 Post
1106 2187 1178 2256 hac,
1191 2185 1322 2242 attonitis
1337 2184 1431 2240 oculis
1446 2184 1637 2240 cernentibus
1654 2185 1744 2258 ipsis,

1024 2279 1121 2350 lpsam
1136 2292 1224 2348 quam
1241 2273 1369 2346 sumpsit
1383 2288 1501 2329 coruom
1518 2289 1607 2344 super
1620 2278 1704 2330 astra
1725 2274 1858 2344 libravit,

1025 2368 1056 2423 In
1071 2364 1284 2438 quojudicium
1299 2363 1396 2420 veniet
1410 2363 1557 2419 celebrare
1573 2363 1722 2432 futurum,

1024 2457 1136 2529 Proque
1150 2454 1213 2510 suis
1225 2452 1336 2509 meritis
1354 2452 1456 2508 reddet
1470 2453 1547 2509 bona
1560 2451 1605 2508 vel
1620 2451 1703 2508 mola
1728 2455 1857 2511 cunctis.

1024 2546 1090 2601 llaeo
1105 2544 1146 2599 ita
1160 2544 1338 2607 credentem,
1350 2539 1505 2613 cordisque
1520 2541 1577 2596 fide
1593 2540 1787 2614 retinentem,

1024 2637 1117 2707 Atque
1130 2632 1174 2688 tui
1190 2632 1396 2704 deposcentem
1412 2629 1529 2686 solitam
1544 2629 1697 2703 pietatem,

1025 2721 1203 2780 Commendo
1219 2737 1277 2790 me,
1293 2721 1381 2793 Virgo
1397 2724 1447 2776 tuo
1463 2718 1653 2776 sanctissima
1667 2720 1757 2792 Nato,

1026 2813 1209 2886 Impetrequa
1224 2814 1274 2867 tuo
1290 2809 1405 2865 veniam
1421 2809 1532 2865 famulo
1544 2808 1700 2866 sceleroso.

1026 2902 1092 2958 llaec
1104 2900 1154 2956 uhi
1165 2898 1313 2955 continuis
1329 2898 1445 2954 deflevit
1459 2897 1548 2953 verba
1562 2897 1703 2969 querelis,

1026 2991 1133 3048 Sancta
1148 2989 1198 3044 Dei
1219 2987 1527 3059 Genitrix,cademque
1551 2990 1656 3058 potens
1680 2989 1861 3047 dominatrix

1027 3075 1289 3146 Coelornm,verhis
1305 3076 1496 3147 respondens,
1512 3075 1621 3147 inquit,
1635 3076 1745 3134 amicis
1763 3094 1770 3133 :

985 3149 1008 3218 C
1028 3169 1149 3240 Propter
1163 3164 1335 3239 mysterium
1351 3165 1427 3220 sacri
1443 3163 1631 3236 baptismatis
1646 3164 1777 3235 almum,

1027 3257 1062 3312 Et
1077 3258 1195 3327 propter
1209 3254 1312 3309 ducem
1329 3253 1423 3308 chara
1437 3251 1493 3308 mis
1508 3251 1757 3325 prolisamorom,

1025 3345 1104 3403 142
1119 3344 1209 3415 Cujus
1225 3346 1253 3397 te
1269 3341 1361 3414 pretio
1377 3341 1463 3408 sacri,
1480 3341 1551 3409 seio,
1567 3343 1727 3415 sanguinis
1743 3345 1841 3418 amplo

1026 3436 1176 3506 Emptum,
1193 3448 1243 3503 pro
1259 3431 1369 3485 mundo
1386 3429 1434 3502 qui
1450 3430 1533 3486 lusus
1548 3434 1609 3486 erat
1623 3430 1769 3503 perituro,

1026 3523 1187 3579 Procedens
1203 3519 1294 3576 sacris
1311 3519 1447 3575 atlvolvor
1462 3518 1564 3574 sedula
1579 3517 1702 3590 plantis,

1024 3614 1106 3684 Ejus,
1120 3627 1207 3683 quom
1224 3607 1323 3683 genui,
1337 3612 1510 3664 cunctorum
1523 3608 1633 3679 judicis
1649 3610 1740 3682 aqui,

1024 3703 1082 3758 Nec
1097 3717 1215 3774 parcam
1231 3698 1358 3771 preculis
1374 3697 1471 3754 stvrdio
1486 3701 1616 3753 certante
1631 3698 1776 3770 profusis,

1024 3790 1120 3846 Donec
1135 3788 1228 3860 ipsius
1243 3787 1345 3843 mitem
1361 3802 1432 3860 cogo
1447 3785 1595 3858 pietatem.

144 3871 198 3940 Qui
221 3871 380 3940 Christum,
395 3870 551 3943 baptisma,
568 3887 685 3926 crucem
711 3871 829 3940 Christi,
852 3889 969 3947 quoque
1023 3879 1059 3936 Ut
1072 3878 1125 3934 tibi
1138 3876 1281 3950 parcendo
1297 3876 1427 3931 dimittat
1442 3880 1524 3932 tanta
1538 3874 1642 3947 piacla.

834 3967 967 4029 [matrem
1022 3968 1073 4025 llis
1088 3967 1185 4036 dictis,
1199 3967 1296 4022 subito
1313 3966 1450 4022 discessit
1461 3965 1542 4039 virgo
1555 3969 1681 4038 sacrata,

139 4051 313 4117 Tecastam,
331 4048 451 4120 scriptis
467 4048 668 4121 blasphemavi
683 4047 759 4104 male
775 4049 861 4121 pictis

138 4138 309 4211 Cunctaque
324 4137 450 4194 coelestis
467 4138 514 4209 pia
530 4142 714 4193 sacramenta
729 4138 853 4195 salutis?

173 4225 225 4283 llis
240 4224 385 4282 miserans
400 4223 532 4296 querulis
547 4223 692 4279 inventrix
706 4224 885 4297 virginitatis

134 4313 238 4372 Aiebat
254 4312 372 4369 blandis
387 4313 494 4368 iterum
509 4311 683 4368 clementius
697 4313 772 4369 orsis
789 4331 795 4368 :

135 4401 275 4470 Quamvis
291 4401 315 4457 si
332 4400 470 4474 gravibus
483 4400 563 4457 vitiis
579 4400 703 4457 nimium
720 4403 894 4477 maculatus,

132 4580 179 4648 ct,
195 4580 265 4652 quia
281 4580 376 4635 sactus
392 4578 490 4647 homo,
508 4578 600 4634 nostri
616 4578 802 4637 solummodo
817 4599 918 4650 causo,

133 4667 171 4726 Ut
186 4684 268 4740 spem
289 4669 436 4724 conversis
451 4667 540 4722 venie
557 4668 697 4739 praeberet
712 4669 861 4726 habendae.

168 4755 253 4811 Nunc
268 4755 369 4811 isthac
384 4756 516 4823 demum,
532 4757 652 4812 monitis
667 4758 795 4828 parendo
816 4760 959 4827 jubentis.

133 4844 205 4900 Cum
222 4844 359 4917 lacrymis
370 4844 443 4900 tales
460 4846 617 4917 spargebat
632 4846 668 4900 ad
684 4846 792 4902 athera
806 4865 901 4905 voces.

133 4932 216 4989 Hunc
232 4932 356 5005 supplex
374 4950 504 5002 veneror,
521 4932 620 4999 laudo,
637 4934 824 5006 complector,
842 4939 941 5011 adoro,

133 5021 174 5077 lla
190 5021 273 5078 Patro
287 5020 409 5091 coelcsti,
426 5022 587 5091 Christum,
604 5023 667 5079 sino
681 5027 813 5096 temporo
829 5031 942 5098 uatum,

132 5109 328 5182 Temporibus
341 5111 450 5165 nostris
466 5111 591 5165 missum
607 5113 643 5169 de
659 5112 726 5168 sede
741 5115 882 5170 Parentis.

131 5199 205 5253 ul
224 5197 262 5254 Ut
274 5198 309 5253 de
324 5204 351 5254 te
367 5204 458 5264 costa,
474 5215 526 5252 neo
542 5216 600 5253 uon
616 5200 651 5254 do
667 5200 796 5258 Flumine
812 5207 921 5274 sancto,

131 5285 269 5342 Induerat
284 5287 398 5362 fragilis
410 5290 515 5342 nostra
530 5287 676 5343 velamina
691 5291 798 5357 earnis,

130 5373 269 5447 llaucqua
284 5377 376 5432 Deum
391 5394 504 5449 verum,
521 5393 573 5432 nec
589 5395 646 5432 non
663 5377 811 5435 hominem
830 5382 889 5438 lore
900 5384 957 5457 ple·

860 5473 954 5542 tuum,

99 5636 102 5643 ⁴
128 5547 192 5606 Non
207 5550 320 5620 dubito,
336 5554 427 5608 nostri
443 5572 531 5611 causa
546 5555 596 5628 qui
611 5553 732 5628 pertulit
746 5574 826 5629 orgo,

1021 4058 1102 4125 Quod
1116 4055 1273 4128 suscepisti
1289 4055 1435 4111 credentis
1451 4071 1531 4110 more
1542 4053 1662 4126 popelli,

1021 4145 1169 4216 Linquens
1185 4142 1323 4216 promissi
1340 4143 1447 4198 misero
1463 4141 1608 4199 solamina
1622 4144 1701 4199 sani.

1055 4233 1138 4289 Certe
1153 4236 1219 4305 post
1234 4231 1366 4287 triduum
1377 4248 1480 4287 rursus
1495 4230 1629 4287 veniebat
1639 4232 1677 4288 od
1688 4230 1780 4290 illum

1019 4324 1052 4379 ln
1066 4323 1143 4389 visu,
1157 4320 1248 4377 venia
1264 4337 1373 4376 munus
1388 4336 1522 4376 reserans
1540 4324 1691 4392 reparata,

1017 4414 1052 4469 ut
1066 4411 1148 4467 vultu
1165 4410 1228 4465 lacto
1240 4408 1503 4482 deprompsittolia
1516 4409 1604 4464 verbo
1619 4425 1626 4463 :

20 4553 27 4564 ⁸
132 4492 280 4559 Attamen,
297 4494 330 4545 ut
345 4489 459 4560 monui,
476 4489 634 4545 Dominum
650 4508 707 4546 non
724 4496 833 4564 'sperne
848 4494 942 4566 latori,
976 4499 1098 4589 Dldntis
1112 4497 1294 4564 virdomini,
1307 4498 1402 4554 tristis
1417 4497 1605 4569 compunctio
1619 4497 1722 4554 cordis

1015 4590 1067 4644 Est
1083 4591 1202 4659 accepto
1214 4585 1271 4640 Deo
1288 4585 1424 4658 Patrique
1440 4585 1575 4656 Prolique
1587 4585 1723 4657 pereuni,

1015 4679 1109 4748 Atque
1124 4680 1181 4731 tua
1197 4674 1331 4747 lacryma
1347 4673 1491 4730 scelerum
1506 4673 1621 4729 veniam
1637 4692 1786 4738 meruere.

1015 4765 1071 4822 Sed
1088 4781 1141 4820 nec
1156 4763 1291 4819 tartareis
1301 4763 1396 4834 poenis
1409 4779 1540 4835 unquam
1555 4761 1692 4834 capieris,

1015 4853 1045 4910 Si
1057 4856 1123 4926 post
1138 4852 1198 4906 haee
1214 4855 1344 4923 perstare
1360 4850 1444 4923 cupis
1459 4850 1522 4906 sine
1533 4850 1637 4906 fraude
1652 4852 1763 4909 fidelis.

1016 4943 1080 5014 lpse
1095 4941 1214 5012 quidem
1230 4943 1332 4996 contra
1346 4956 1414 4996 mox
1429 4940 1544 4996 dicebat
1558 4956 1643 5012 prece
1658 4939 1792 4998 blanda:

1015 5030 1098 5087 Certe
1115 5029 1235 5084 servabo
1251 5046 1339 5083 sacrae
1353 5028 1420 5084 fidei
1436 5029 1622 5098 documento,

1015 5119 1072 5174 Nec
1088 5122 1154 5190 post
1169 5118 1229 5172 hmo
1246 5116 1323 5172 ultra
1338 5118 1414 5171 malo
1432 5119 1630 5190 transgrediar
1646 5118 1822 5192 negligendo

1014 5208 1180 5279 Quidquam
1196 5206 1232 5261 de
1245 5204 1361 5274 vestris,
1378 5222 1443 5261 mea
1458 5207 1576 5273 domna,
1590 5207 1729 5280 piissima
1739 5208 1844 5280 jussis,

1012 5299 1052 5353 Tc
1067 5295 1136 5368 quia
1148 5299 1214 5367 post
1229 5295 1385 5349 Dominum
1398 5294 1491 5350 solam
1508 5297 1640 5352 conserve
1654 5298 1802 5354 medelam

1012 5384 1114 5457 Spero,
1130 5401 1187 5456 quo
1203 5383 1297 5456 poeuis
1311 5382 1463 5455 pabulum,
1482 5401 1539 5440 non
1554 5388 1676 5453 tartara,
1691 5387 1797 5443 mavis.

1010 5473 1066 5529 Sed
1083 5491 1140 5528 non
1157 5474 1202 5529 est
1218 5473 1337 5537 mirum,
1353 5488 1404 5543 por
1419 5476 1446 5527 te
1462 5474 1577 5544 mejam
1590 5474 1650 5531 lore
1667 5474 1794 5543 salvum,

1009 5563 1152 5634 Perquam
1168 5562 1203 5617 de
1218 5561 1322 5618 vctcris
1338 5559 1415 5617 letali
1432 5562 1556 5619 crimino
1571 5564 1689 5634 matriS,
