3900 6090
135 329 193 389 237
623 327 673 392 bu
695 325 998 393 'llthSbA‘fIONll
1018 329 1052 394 S.
1076 330 1342 396 GLODESlellS.
1775 334 1834 396 aaa

133 462 221 535 pedes
232 459 388 533 languidos
398 459 527 523 trahens,
540 462 657 517 nomine
668 461 751 529 Alda,
765 462 800 518 ad
816 460 999 532 monaste-A
1014 463 1132 531 riorum,
1145 467 1253 537 quibus
1263 468 1326 538 jam
1342 467 1465 523 Domino
1477 470 1633 524 miserante
1644 473 1776 541 tempora
1786 469 1835 525 tlo-

132 551 207 606 rium
225 549 350 605 adducta
366 565 476 621 persor
490 566 582 604 annos
595 550 704 607 ibidem
715 551 820 606 debilis
837 551 957 605 mansit.
1015 559 1087 620 rent,
1105 554 1158 608 boc
1178 558 1311 626 expetore
1325 556 1459 628 voluptas
1483 557 1644 613 videbatur.
1660 560 1834 630 Quanquam

129 639 262 710 Cumque
277 636 387 692 crebris
403 653 499 690 coram
511 636 602 692 altare
614 637 879 710 supplicationibus
889 635 960 691 divi.
1013 658 1048 695 ne
1065 642 1100 697 ad
1118 641 1191 697 hane
1206 644 1324 715 quidem
1341 650 1452 716 partem
1473 645 1544 701 mibi
1561 645 1690 718 aliquam
1705 646 1834 704 seientia

129 746 200 784 num
216 727 272 783 sibi
289 727 392 781 adesse
413 725 521 797 sapius
546 732 716 798 precaretur
740 726 898 799 auxilium,
911 727 957 783 die
1012 732 1232 803 praerogaverim
1256 732 1434 801 facrrltatem,
1451 736 1512 806 qui,
1530 738 1562 789 ut
1577 751 1642 790 vere
1662 735 1762 801 fateor,
1780 735 1834 793 fre·

128 816 256 889 quadam
271 814 421 884 inopinato
433 813 473 866 ita
488 814 613 885 perfecte
629 818 731 870 sanata
748 818 802 881 est,
815 820 847 869 ut
863 813 954 870 libero
1011 819 1150 889 quontius
1161 823 1257 875 tamen
1268 819 1297 875 in
1307 821 1488 894 dictisquam
1498 822 1615 895 scriptis
1626 822 1833 879 nimiarullore

127 921 232 978 gressu
250 902 361 973 ubique
378 903 510 973 gaudens
527 903 681 959 incederet.
1011 908 1165 963 suffundor
1177 926 1183 963 :
1195 913 1224 964 ot
1235 910 1289 964 nisi
1302 908 1479 982 aliquorum,
1489 911 1539 982 qui
1551 912 1623 966 forte
1636 912 1665 966 in
1677 928 1723 966 me
1734 927 1833 967 amore

162 992 422 1050 memorianus
435 992 554 1064 quidam
565 1009 598 1047 ex
607 992 676 1048 villa
686 991 798 1058 Marlei‚
808 991 952 1049 wolferus
1009 995 1150 1051 labuntur
1160 997 1332 1070 improvido,
1345 997 1457 1053 stimuli
1467 997 1633 1065 incitarent,
1639 999 1757 1071 penitus
1767 1016 1833 1056 een·

127 1082 235 1147 dictus,
246 1080 287 1135 ita
302 1079 487 1135 atrocissimo
503 1084 532 1135 et
542 1096 650 1135 vesane
661 1080 767 1153 spiritu
783 1081 877 1136 fuerat
892 1097 953 1153 per
1009 1085 1138 1154 ticerom,
1151 1087 1188 1141 ob
1201 1086 1255 1141 hoo
1265 1086 1308 1142 vel
1325 1087 1534 1158 marime‚quia
1548 1087 1602 1143 etsi
1619 1087 1750 1154 seientia,
1763 1103 1834 1160 qua·

126 1187 226 1237 vasus,
240 1173 272 1226 ut
286 1168 419 1225 emnium
431 1184 462 1225 sc
478 1168 612 1225 notitiam
629 1168 736 1225 babere
749 1169 915 1242 linguarum
926 1174 955 1226 et
1009 1173 1075 1228 liter
1090 1178 1258 1247 presentes,
1274 1180 1303 1231 et
1318 1176 1368 1248 qui
1390 1193 1424 1231 ex
1438 1175 1503 1256 ipsa
1520 1175 1596 1232 inter
1610 1193 1663 1232 nos
1679 1178 1832 1233 eonsuetu-

127 1259 203 1316 situs
218 1262 392 1315 cunctarum
411 1259 536 1329 jactaret
561 1274 646 1313 nosse
669 1263 822 1315 terrarum.
841 1259 893 1314 Hic
916 1261 952 1316 ad
1008 1262 1076 1317 dine
1101 1264 1243 1335 quidquid
1268 1280 1316 1320 ore
1345 1264 1483 1320 exciderit
1510 1263 1644 1336 probant,
1669 1264 1829 1338 accipiant;

126 1364 244 1403 sacrum
265 1347 424 1419 perductus
448 1347 671 1412 monasterium,
689 1364 721 1403 ae
745 1348 873 1421 perdica
889 1354 953 1405 octo
1008 1355 1160 1408 secuturos
1175 1357 1251 1408 certe
1262 1357 1313 1408 aut
1327 1355 1447 1409 omnino
1462 1353 1603 1427 ingratos,
1616 1360 1666 1409 aut
1681 1371 1739 1409 non
1756 1352 1830 1409 mul·

124 1436 165 1492 ibi
183 1436 330 1502 detentus,
344 1435 438 1509 gratia
448 1435 556 1491 Christi
568 1452 601 1490 ac
614 1435 728 1492 meritis
738 1436 859 1510 virginis
870 1437 953 1494 hoste
1008 1444 1071 1494 tum
1087 1440 1147 1495 bac
1162 1446 1316 1497 curaturos
1340 1442 1412 1498 satis
1434 1443 1587 1514 perspicio.
1604 1443 1716 1509 Quibus
1731 1448 1829 1499 tamen

124 1526 236 1599 fugate,
248 1525 355 1580 mentis
364 1523 491 1580 libertati
503 1525 613 1596 integre
627 1524 781 1580 restitutus
798 1525 950 1583 abscessit.
1007 1529 1084 1598 quod
1101 1529 1242 1585 acerrimo
1258 1531 1343 1586 dente
1354 1531 1383 1585 in
1396 1531 1516 1586 emulos
1531 1532 1725 1604 Hieronymus
1739 1547 1830 1603 prote·

123 1616 195 1671 ltem
221 1612 389 1671 adolescens
406 1613 525 1686 quidam
549 1631 583 1669 ex
608 1612 678 1668 villa
704 1613 854 1682 Lauriaeo‚
867 1618 895 1670 et
910 1615 950 1671 fe·
1006 1617 1065 1671 mio
1081 1617 1287 1674 Hebraiearurn
1305 1620 1499 1692 questionum
1521 1619 1592 1687 fixit,
1609 1619 1827 1692 objiciendum:

122 1706 210 1761 minae
226 1708 352 1777 quatuor
371 1702 455 1758 loidis
480 1703 633 1775 spiritibus
657 1703 794 1769 obsessa,
811 1702 850 1757 ibi
867 1704 949 1759 simi·
1007 1728 1020 1754 a
1031 1705 1185 1777 Peregrina
1196 1708 1676 1765 mercestantumvolentibusnnvi
1688 1709 1826 1765 defertur.

122 1794 189 1850 liter
219 1810 273 1867 ope
309 1792 514 1849 sacratissima
547 1792 669 1865 virginis
701 1792 796 1848 curari
835 1793 1184 1892 merae-BBalsamum,
1203 1795 1294 1868 piper,
1312 1801 1340 1850 et
1360 1814 1446 1869 perna
1470 1796 1635 1868 palmarum
1653 1796 1753 1852 rustici
1770 1813 1828 1852 non

122 1887 202 1939 rant.
1002 1886 1110 1938 emant.
1124 1905 1137 1932 ιι
1156 1883 1198 1938 lta
1213 1888 1241 1939 et
1261 1882 1301 1938 illi
1328 1883 1352 1939 si
1376 1884 1572 1956 pespexerint,
1590 1901 1625 1939 ne
1652 1885 1771 1956 quidem
1787 1884 1827 1939 le-

157 1974 203 2028 te.
221 1973 272 2028 His
286 1971 336 2027 illa
352 1988 408 2026 non
425 1971 584 2042 incongrue
603 1971 759 2026 inserenda
778 1975 944 2039 censentur,

120 2062 150 2117 in
167 2061 277 2133 quibus
293 2060 371 2125 fidei,
382 2060 429 2115 cui
445 2060 544 2114 emnia
559 2059 691 2115 Salvator
705 2059 838 2131 perhibet
853 2059 946 2131 possi·

121 2150 204 2220 bilia,
220 2150 324 2224 ingens
339 2149 505 2206 ostenditur
518 2150 738 2216 documentum,
751 2152 783 2204 ut
801 2149 878 2221 qued
896 2165 946 2203 na·

120 2245 189 2295 tura
203 2255 310 2312 negare
325 2237 515 2305 convincitur,
533 2239 634 2293 sarmta
653 2241 682 2293 et
702 2236 843 2293 innocens
858 2237 945 2309 virgi-

120 2328 199 2384 nitas
215 2327 318 2383 merito
331 2326 395 2382 suis
409 2326 523 2381 efficere
540 2342 626 2397 posse
642 2325 791 2396 probetur.

152 2418 198 2472 tt.
215 2416 255 2471 Ex
268 2414 315 2472 bis
325 2431 389 2488 que
400 2413 502 2471 habitu
519 2414 596 2469 inter
611 2413 702 2471 laicas
718 2413 854 2486 religioso
868 2413 947 2469 ebla-

116 2504 213 2560 tienes
230 2502 332 2559 altario
353 2503 464 2559 deferre
487 2507 712 2569 consueverunt,
731 2503 864 2574 quadam
881 2503 945 2570 fuit,

117 2593 240 2649 nomine
257 2591 437 2665 Raginaldis,
459 2607 523 2663 que
540 2592 575 2647 od
592 2591 744 2647 basilicam
760 2591 883 2663 virginis
899 2608 946 2646 ve·

119 2682 217 2749 niens,
236 2680 398 2747 vasculum,
417 2697 474 2753 qua
489 2681 589 2736 vinum
605 2682 640 2735 ad
658 2698 740 2736 sacra
755 2682 830 2748 (334)
847 2696 946 2735 seeum

121 2770 294 2843 hujusmodi
309 2768 490 2824 circumferri
506 2768 591 2834 solet,
602 2769 722 2841 plenum
739 2768 882 2824 detulerat
895 2785 900 2822 :
912 2785 947 2824 ox

121 2859 268 2932 quodum
292 2858 356 2930 ipsa
376 2857 542 2923 obtulisset,
568 2861 596 2913 et
621 2857 742 2922 ceteris,
760 2874 823 2929 qna
848 2856 947 2930 plures

124 2947 266 3003 oblatura
280 2950 484 3014 convenerant,
499 2947 570 3002 dum
591 2946 667 3018 quod
691 2946 836 3018 superfuit
851 2951 946 3001 totum

122 3033 284 3102 divisisset,
300 3037 417 3105 repente
430 3032 581 3089 vasculum
602 3034 699 3105 ipsum
715 3034 793 3106 quod
804 3035 868 3105 jam
884 3050 946 3089 om·

124 3124 197 3179 nino
212 3122 385 3179 exhaustum
401 3123 533 3195 putabat,
550 3125 708 3190 attentans,
719 3123 785 3178 vino
801 3128 834 3178 ut
854 3123 946 3196 prius,

1002 1976 1081 2042 gunt,
1099 1989 1202 2028 moneo
1222 1978 1250 2029 et
1275 1989 1335 2038 oro,
1352 1973 1422 2029 dum
1448 1975 1567 2030 tandem
1583 1973 1640 2029 voti
1666 1973 1723 2027 mei
1748 1974 1827 2046 apud

1002 2061 1093 2116 Deum
1114 2067 1143 2116 et
1167 2066 1298 2117 sanctam
1314 2063 1379 2134 ejus
1394 2062 1546 2134 virginem,
1564 2063 1650 2133 eujus
1675 2078 1722 2117 me
1746 2078 1829 2117 amor

1002 2149 1089 2205 traxit
1102 2150 1287 2217 immodicus,
1299 2167 1380 2222 spem
1393 2150 1518 2206 fideliter
1527 2155 1738 2224 presumptum
1753 2151 1826 2207 mihi

1001 2256 1059 2293 non
1076 2239 1192 2310 penitus
1207 2238 1366 2307 invideant,
1381 2238 1424 2294 vel
1440 2238 1647 2295 intercludant.

1040 2330 1081 2383 t5.
1094 2328 1159 2383 Jam
1171 2328 1241 2400 quia
1256 2329 1291 2383 ad
1303 2332 1434 2383 nostram
1450 2332 1563 2384 atatem
1575 2346 1621 2385 res
1632 2329 1771 2401 perducta
1782 2332 1827 2385 est

1002 2415 1188 2472 liberioribus
1208 2415 1311 2489 spatiis
1326 2416 1524 2484 decurrentes,
1541 2417 1675 2486 bresiter,
1691 2432 1755 2489 qua
1769 2415 1825 2473 De·

1002 2505 1100 2560 minus
1128 2505 1213 2561 nobis
1240 2505 1336 2561 videre
1365 2506 1525 2572 concessit,
1542 2507 1727 2561 adnotamus.
1759 2506 1827 2562 Post

1002 2593 1173 2666 liutpertum
1190 2593 1240 2665 qui
1256 2595 1291 2648 to
1307 2594 1422 2665 praefuit
1435 2593 1678 2668 annisWigirieo
1692 2595 1726 2650 10
1739 2595 1826 2652 annis

1002 2681 1151 2754 pontificio
1179 2687 1279 2739 exacto
1299 2683 1357 2737 vita
1381 2683 1546 2749 decedente,
1564 2683 1635 2738 dum
1652 2683 1826 2754 llenneqni·
1929 2724 1932 2728 .

1001 2772 1080 2838 dam,
1098 2771 1126 2825 in
1144 2771 1292 2826 eremitica
1315 2769 1534 2826 conversatione
1553 2771 1664 2827 dudum
1681 2771 1824 2839 famosus,

1002 2861 1078 2915 liena
1091 2861 1252 2915 intentione
1268 2859 1394 2914 Heinrici
1409 2864 1480 2914 tunc
1495 2860 1582 2932 regis,
1598 2859 1691 2932 patris
1705 2859 1824 2932 gloriosi

1003 2954 1102 3020 postca
1115 2948 1237 3003 (laseris
1258 2948 1357 3002 domni
1380 2947 1503 3012 Ottonis,
1520 2948 1614 3003 eidem
1630 2951 1708 3003 esset
1722 2948 1825 3003 subro-

1001 3043 1097 3110 gatus,
1111 3039 1215 3109 vixque
1230 3036 1382 3092 biennium
1401 3037 1430 3092 in
1451 3053 1534 3092 sacro
1550 3037 1651 3092 ordine
1665 3036 1825 3110 exegisset;

1003 3128 1123 3182 infanda
1137 3132 1165 3182 ct
1181 3126 1269 3181 nimis
1286 3125 1466 3198 lacrymabili
1484 3125 1666 3181 servulorum
1685 3142 1825 3197 quorum-

124 3212 270 3287 repletum
289 3213 415 3268 maximo
430 3229 497 3268 cum
514 3217 633 3284 stupere
649 3213 768 3269 invenit.
966 3189 1070 3271 Cdam
1096 3216 1220 3271 l'actione
1241 3220 1410 3280 excecatus,
1427 3219 1456 3270 et
1478 3214 1592 3270 inutilis
1613 3213 1827 3286 redditusque

161 3305 207 3360 ⁴2.
218 3301 323 3358 Custos
334 3303 467 3374 quadam
479 3302 610 3374 ejusdem
623 3319 711 3357 sacrae
724 3303 805 3370 adis,
818 3304 888 3358 dum
902 3303 948 3358 die
1002 3303 1083 3375 fungi
1101 3318 1158 3356 non
1169 3305 1281 3374 peterat
1296 3299 1390 3356 officio
1402 3317 1465 3357 sese
1480 3300 1543 3374 ipae
1554 3301 1699 3358 abdicavit
1710 3318 1717 3356 ε
1729 3301 1826 3359 indea

125 3392 254 3467 quodam
266 3390 364 3448 missis
375 3390 555 3447 celebrandis
565 3391 666 3446 vinum
675 3391 830 3463 quesitum
842 3408 949 3464 nequa·
1002 3390 1281 3464 principeeleetione
1295 3389 1424 3462 petitaet
1437 3390 1603 3462 impetrata,
1614 3390 1709 3445 virum
1726 3391 1825 3465 magni

124 3497 217 3555 quam
233 3481 415 3553 inpromptu
431 3483 529 3551 posset
552 3479 685 3547 inveniri,
703 3482 738 3535 ad
754 3497 851 3535 aream
868 3480 947 3536 illam
1003 3485 1068 3553 post
1079 3478 1825 3550 futurumpraeconii,dominumAdelbomnem,hee

124 3588 186 3643 qua
199 3568 298 3626 nescio
308 3569 344 3625 de
356 3585 445 3625 causa
459 3568 591 3635 accessit,
604 3569 654 3624 ubi
667 3569 730 3640 jam
747 3573 824 3624 retro
839 3586 947 3624 amen·
1003 3573 1104 3626 sancta
1114 3571 1197 3625 sedes
1208 3570 1316 3640 adepta
1325 3573 1379 3624 est.
1390 3567 1442 3623 Hic
1456 3569 1633 3624 monasteria
1643 3585 1825 3641 quaecunque

123 3661 209 3717 sibus
224 3659 282 3715 fere
294 3657 389 3714 tribus
398 3656 558 3725 vasculum,
572 3657 647 3729 quod
665 3657 694 3711 in
711 3658 831 3713 modurn
850 3659 950 3713 flasco·
1003 3677 1054 3731 per
1068 3658 1293 3731 amplitudinem
1314 3673 1373 3712 sua
1398 3662 1480 3711 amnt
1504 3656 1700 3727 providentia,
1718 3662 1827 3713 retroa

123 3748 172 3806 nis
183 3747 296 3822 parvuli
303 3746 488 3816 (butticulam
499 3745 788 3819 appellant)vacuum
799 3751 827 3803 et
837 3748 948 3803 siceum
1003 3747 1105 3803 multis
1115 3747 1177 3818 jam
1190 3745 1275 3799 annis
1290 3743 1413 3799 interius
1423 3749 1452 3799 et
1462 3744 1589 3799 exterius
1604 3744 1786 3816 spiritalibus
1798 3750 1826 3800 et

124 3837 319 3912 dependebat.
334 3837 408 3891 Arca
422 3839 522 3908 aperta
546 3834 698 3890 vasculum
717 3835 816 3908 ipsum
829 3836 896 3890 vino
912 3838 947 3892 ad
1003 3835 1202 3908 corporalibus
1217 3833 1323 3906 opibus
1346 3833 1471 3888 nimium
1495 3832 1578 3904 lapsa
1601 3832 1699 3888 studio
1723 3838 1826 3906 pretor

124 3941 278 3982 summum
288 3923 678 3996 usqueimpletumvidittex
689 3941 747 3996 quo
758 3928 787 3979 ot
797 3923 948 3980 sacrificiis
1003 3931 1106 3981 catera
1120 3923 1233 3997 egregie
1245 3922 1377 3978 animum
1394 3939 1564 3993 recuperare
1580 3921 1704 3978 induxit.
1721 3923 1756 3978 Et
1770 3922 1826 3995 pri·

124 4022 197 4073 tunc
213 4015 382 4072 ministrum
397 4019 456 4082 est;
474 4018 501 4068 et
513 4013 647 4085 quadam
662 4012 756 4084 ipsius
768 4013 823 4069 loci
840 4013 949 4069 femina
1003 4031 1084 4069 mum
1101 4012 1219 4085 quidem
1235 4012 1299 4081 ejus
1310 4027 1430 4082 operum
1443 4009 1642 4083 spiritualium
1653 4011 1756 4066 Geraia
1767 4028 1827 4067 mo-

125 4106 240 4162 dudum
248 4102 607 4177 graviterlanguidadum
616 4118 650 4156 ex
659 4103 833 4157 eodemvino
845 4118 948 4173 parum
1003 4103 1163 4159 nestorium
1176 4100 1239 4168 fuit,
1251 4100 1299 4155 ubi
1312 4115 1485 4172 magnarum
1494 4098 1705 4154 virtutumviro
1717 4100 1825 4156 domno

126 4195 197 4268 quid
213 4192 270 4250 sibi
294 4191 510 4248 absorbendum
540 4191 730 4263 poposcisset,
745 4207 812 4245 mox
833 4194 949 4263 gustate
1003 4190 1144 4265 Egineldo
1155 4190 1229 4260 (335)
1246 4192 1389 4261 promoto,
1406 4191 1435 4243 et
1449 4186 1528 4243 brevi
1544 4187 1662 4259 copiosa
1676 4188 1826 4261 religioso·

125 4285 253 4341 salntem
268 4284 411 4355 integram
428 4280 616 4352 recuperavit.
1004 4297 1070 4337 rum
1086 4280 1215 4336 turbaeo
1226 4278 1400 4345 confluente,
1412 4281 1441 4332 et
1453 4276 1482 4330 in
1497 4276 1706 4332 beatitudinem
1720 4293 1827 4350 paupe-

162 4374 207 4428 43.
225 4370 358 4427 Paschali
383 4369 509 4441 quadam
534 4368 718 4424 solemnitate
743 4366 839 4440 puella
864 4384 948 4433 caca,
1004 4386 1070 4426 rum
1087 4368 1192 4442 spiritu
1203 4367 1258 4422 sub
1270 4365 1457 4439 regulabeati
1468 4364 1614 4420 Benedicti
1628 4364 1824 4436 conspirante,

126 4460 284 4535 cujusdam
299 4457 421 4515 Jotlnnis
435 4457 507 4514 civis
522 4456 661 4513 Maiensis
676 4457 746 4524 filia,
763 4458 799 4512 ad
815 4460 949 4512 sanctum
1004 4461 1040 4516 ad
1056 4460 1120 4532 ejus
1135 4455 1283 4528 exemplar
1293 4454 1405 4526 reliqua
1415 4458 1495 4508 extra
1505 4452 1548 4508 vel
1560 4453 1637 4508 infra
1654 4453 1782 4509 virorum
1793 4470 1827 4510 ac

126 4545 296 4620 sepulcrum
308 4545 457 4616 perducta,
466 4544 536 4600 dum
548 4561 600 4617 per
610 4548 669 4600 tres
680 4544 742 4599 dios
753 4543 863 4600 ibidem
875 4555 991 4622 manl)
1006 4547 1192 4610 sentinarum,
1210 4543 1233 4599 si
1251 4561 1309 4617 qua
1319 4544 1406 4600 etiam
1417 4543 1472 4598 sub
1489 4541 1606 4597 nomine
1619 4541 1827 4598 canonicorum

126 4637 225 4704 sisset,
238 4635 416 4707 ipsaquarta
430 4650 518 4689 saera
532 4631 724 4689 hebdomadis
735 4633 806 4688 feria
821 4649 873 4706 per
889 4649 952 4706 gra-
1005 4640 1098 4702 erant,
1115 4633 1280 4706 compesuit
1304 4630 1490 4687 monasteria.
1516 4629 1597 4685 Unde
1619 4634 1648 4685 et
1670 4629 1725 4685 boc
1748 4630 1827 4687 idem

126 4725 200 4781 tiam
215 4722 363 4779 celestem
377 4721 472 4777 visum
488 4721 613 4794 pleniter
627 4726 671 4777 est
686 4726 852 4777 consecuta.
1006 4726 1096 4781 beata
1111 4723 1232 4796 virginis
1247 4721 1402 4794 collegium
1418 4719 1553 4792 praefecto
1568 4719 1607 4774 ibi
1623 4719 1731 4774 domna
1746 4719 1827 4774 Him·
1871 4754 1875 4758 Δ

162 4814 207 4868 tt.
225 4812 300 4878 Hac,
318 4816 350 4866 ut
364 4809 520 4878 valuimus,
533 4828 567 4864 ex
582 4809 738 4882 prioribus,
756 4827 829 4882 quas
845 4810 952 4866 inveni·
1007 4812 1155 4876 miltrude‚
1167 4811 1319 4882 sanguino,
1331 4813 1360 4864 et
1375 4807 1461 4879 (quod
1475 4808 1571 4878 majus
1584 4809 1639 4875 est)
1651 4806 1755 4878 spiritu
1771 4807 1827 4864 sibi

127 4918 205 4968 mus,
219 4899 435 4955 transfudimus
449 4896 564 4964 titteris,
577 4913 634 4953 non
647 4898 723 4968 quod
735 4898 867 4952 canadam
884 4897 951 4952 scri·
1007 4901 1182 4975 propinqua,
1192 4899 1228 4953 ad
1243 4897 1434 4953 monasticam
1451 4894 1749 4964 institutionem(336)
1763 4912 1827 4952 000.

126 4995 247 5063 pturam
275 4986 385 5042 nullam
412 4986 635 5051 aestimaremus
653 5003 716 5057 qua
743 4987 843 5058 utique
867 4986 953 5059 plena
1008 4992 1059 5063 git.
1072 4990 1111 5046 De
1123 4989 1207 5061 cujus
1225 4986 1317 5041 saneti
1330 4983 1476 5057 pontificis
1495 4982 1590 5055 dignis
1612 4983 1670 5038 Deo
1689 4985 1828 5056 operibus

127 5080 194 5134 ficlei
211 5082 240 5134 et
255 5079 400 5133 adrerum
417 5080 564 5149 gestarum
581 5075 712 5130 ordinem
723 5075 798 5131 vires
810 5076 953 5132 maximas
1008 5079 1157 5152 preprium
1167 5073 1405 5146 estmeritoquod
1415 5072 1828 5146 desidereturopus(337),nee

128 5165 351 5234 subministrat,
369 5165 419 5221 scd
436 5164 515 5236 quia,
530 5164 571 5219 uti
592 5162 729 5236 prefatus
749 5180 825 5231 sum,
842 5162 954 5220 littera·
1008 5170 1097 5240 hujus
1113 5163 1227 5220 articuli
1245 5162 1385 5217 brevitate
1401 5165 1512 5216 tantam
1534 5160 1668 5217 concludi
1684 5162 1728 5216 fas
1742 5161 1829 5218 fuerit

162 5275 240 5341 (334)
254 5272 348 5328 Locus
360 5275 460 5326 notatu
476 5271 592 5343 diguus,
610 5287 643 5325 ex
658 5286 716 5341 quo
731 5269 883 5340 discimus,
894 5270 953 5326 viui
1009 5278 1082 5340 istm,
1093 5270 1352 5347 quibusAdalbero
1363 5269 1523 5325 Hasteriam
1534 5268 1632 5324 villam
1647 5268 1715 5395 papi
1731 5269 1829 5351 Laodi·

128 5341 952 5401 oblationemalaieisfaotaminmissaotiamsaeoulox.
1009 5341 1480 5415 censisassignavit,ubiquadam
1492 5340 1685 5396 monachasu
1716 5339 1830 5412 reguni-

162 5418 241 5489 (335)
256 5415 322 5471 llaec
344 5414 440 5470 fusius
461 5413 607 5485 descripta
621 5417 691 5469 sunt
714 5413 742 5468 in
767 5413 847 5468 Actis
864 5415 893 5469 S.
909 5415 956 5470 ‚le
1009 5435 1045 5473 ne
1056 5419 1171 5474 decana
1183 5413 1355 5485 aliquandiu
1365 5412 1511 5480 vixerant
1526 5410 1633 5484 legitur
1646 5412 1677 5467 in
1687 5411 1828 5469 Chronico

127 5488 216 5545 anuis
230 5486 347 5543 abbatis
362 5485 537 5542 Gorziensitt·
1009 5483 1225 5545 Valeiodorensi
1245 5489 1324 5539 tomo
1339 5483 1390 5540 Vll
1404 5483 1561 5610 Spiciloppi,
1574 5498 1640 5614 pap.
1654 5482 1708 5538 529
1721 5487 1750 5539 et
1763 5483 1826 5540 531.

163 5560 241 5630 (336)
251 5559 326 5633 Ergo
336 5558 400 5630 jam
417 5572 451 5613 ee
462 5563 591 5629 tempore
604 5574 621 5611 a
636 5553 798 5612 monastica
813 5558 849 5613 ad
866 5558 955 5614 laxio-
1056 5561 1120 5628 337)
1135 5557 1235 5614 Exstat
1250 5556 1279 5611 in
1294 5559 1373 5611 tomo
1390 5555 1401 5611 l
1414 5553 1517 5611 bibliot
1539 5570 1594 5612 ecae
1637 5554 1774 5615 ubboane
1788 5553 1827 5615 ti·

128 5646 193 5695 rem
207 5630 416 5694 canonicarum
432 5629 522 5687 vitam
537 5628 702 5689 defecerant
719 5627 956 5693 sanctimoniales
1010 5631 1045 5693 be
1058 5630 1105 5693 lus
1120 5628 1156 5691 de
1169 5629 1230 5691 vita
1244 5627 1329 5688 istius
1343 5625 1543 5689 Adelberouis.
1814 5621 1828 5638 ⁴
