3900 6090
135 301 213 361 1159
535 292 800 355 llllOTSUlTllAE
823 289 1011 353 MONlALlS
1034 287 1433 351 GANoaASHulMANSls
1484 319 1487 325 ·
1763 283 1841 347 {loe

135 434 241 489 Secum
255 428 389 486 tractavit
403 443 578 497 summoque
593 425 691 480 dolore
706 423 835 492 revolvit,
970 426 999 494 Α
1014 422 1184 494 lnpugnans
1207 425 1324 494 gentem
1348 421 1462 477 cunctis
1472 424 1549 476 retro
1560 435 1688 492 namque
1704 415 1842 475 rebellem

135 523 241 577 Contra
252 518 404 592 justiciam
421 514 559 588 quicquid
576 518 736 586 perfecerat
751 529 893 585 unquam.
1013 510 1138 579 Scilicet,
1155 514 1183 566 et
1198 509 1299 582 spoliis
1315 527 1413 565 rerum
1429 510 1522 581 captis
1536 509 1698 577 variarum,

136 613 193 666 lloc
209 625 325 680 quoquc
340 604 455 660 dellcvit
470 603 569 658 nimiis
586 620 713 674 persaepe
728 601 876 669 lamentis,
1013 601 1090 666 Quas
1106 598 1161 655 sibi
1177 617 1349 655 communes
1364 597 1546 672 collegerunt
1560 598 1645 671 prins
1660 597 1765 655 hostes

134 699 215 767 Quod
231 695 306 751 male
321 693 461 749 blanditis
477 693 581 747 horum
598 691 687 747 cessit
701 689 842 759 suadelis,
1012 687 1097 745 Orbis
1112 687 1263 760 perplures
1278 688 1464 744 devastantes
1479 686 1623 761 regiones,

134 788 232 860 lpsnm
248 785 297 856 qui
313 782 408 838 verbis
424 786 616 853 corruperunt
631 779 788 835 sinmlatis.
1011 775 1119 831 Uxores
1139 793 1304 848 procerum,
1322 774 1438 832 soboles
1459 776 1557 848 rapuit
1580 792 1700 849 quoque
1720 774 1842 841 dulces;

133 878 186 932 Sed
203 873 337 947 quamvis
352 871 440 926 talem
457 873 544 925 ferret
559 871 613 925 snb
629 870 715 924 corde
730 868 870 931 stolorum,
1011 867 1046 920 Et
1061 866 1103 921 sic
1119 865 1273 937 prostratis
1289 865 1375 921 rediit
1389 866 1521 937 gaudens
1536 864 1677 921 inimicis.

132 967 308 1021 Prasentarc
324 966 421 1016 tamen
438 958 526 1032 spacii
544 976 594 1030 per
605 963 736 1030 tempora
752 956 831 1028 longi
1048 954 1114 1010 lstis
1130 956 1164 989 ²⁰²
1179 955 1221 1010 sic
1237 953 1356 1021 habitis,
1374 960 1529 1026 properata
1544 954 1660 1011 diecula
1675 953 1773 1009 tristis

132 1056 194 1110 Non
212 1069 242 1106 so
257 1050 345 1122 regali
363 1049 558 1121 presumebat
573 1047 674 1113 lircici;
1011 1042 1540 1115 Venerat(asinaspingenvemnostris
1551 1043 1688 1117 augendo
1698 1040 1841 1107 dolerem,

131 1144 244 1198 Absens
259 1141 308 1195 sed
325 1138 421 1193 cordis
437 1137 533 1192 studio
550 1139 668 1191 florente
684 1134 809 1189 ilrvlentis
1011 1130 1042 1185 ln
1058 1150 1117 1203 qna
1131 1132 1308 1205 prefulgens
1325 1132 1438 1188 meritis
1453 1133 1554 1206 regina
1568 1131 1722 1205 supremis

132 1230 268 1304 Optabat,
281 1227 370 1282 venia
386 1225 448 1281 dari
465 1243 573 1280 munus
589 1223 644 1279 sibi
660 1222 754 1278 dulce.
1010 1219 1086 1274 AEdit
1101 1220 1253 1291 presentis
1267 1220 1330 1275 vitre
1346 1220 1482 1276 discessit
1496 1221 1532 1276 ab
1548 1220 1640 1289 horis,

131 1319 262 1376 Tandem
278 1319 406 1388 percerte
421 1313 486 1368 forti
503 1312 634 1375 devictus
650 1328 760 1378 amore,
1010 1307 1105 1379 Ipsius
1121 1309 1243 1381 imperio
1258 1309 1338 1381 genti
1354 1308 1464 1366 faciens
1479 1308 1636 1364 famulanti

132 1407 211 1464 lllico
227 1404 370 1478 poenalem
387 1401 491 1475 proicit
507 1402 542 1456 de
556 1401 642 1456 corde
656 1400 802 1464 timorem,
1009 1395 1176 1452 Tristiciam
1191 1413 1304 1452 necnon
1320 1395 1446 1452 nimium
1462 1396 1558 1453 cordis
1573 1395 1743 1452 cruciatum

130 1498 165 1552 Et
181 1496 235 1552 sub
252 1491 402 1549 nocturnis
417 1488 542 1545 nimium
558 1492 668 1544 secreto
684 1485 813 1542 tenebris
1008 1485 1079 1556 Ejus
1096 1486 1125 1541 in
1136 1486 1279 1555 abcessu;
1296 1503 1404 1558 magno
1420 1503 1509 1558 quarn
1525 1485 1654 1558 denique
1671 1484 1757 1541 luctu

129 1584 304 1650 Adveniens,
321 1582 350 1636 in
366 1579 492 1652 regalem
510 1595 540 1633 se
553 1576 679 1632 contulit
694 1576 796 1632 urbem
808 1574 879 1645 (Dee.
895 1572 953 1644 25),
1008 1573 1043 1629 ut
1059 1591 1116 1630 non
1132 1574 1269 1631 inmerito
1284 1573 1363 1630 llevit
1378 1574 1529 1646 plebecula
1540 1579 1659 1642 cuncta,

131 1674 162 1730 ln
179 1690 238 1745 qua
250 1670 376 1727 natalem
392 1668 469 1740 regis
485 1667 632 1722 celebrare
648 1664 785 1738 perennis
1008 1665 1101 1730 eram
1117 1663 1184 1735 plus
1200 1667 1338 1719 materna
1354 1663 1425 1719 fovit
1439 1663 1558 1736 pietatis
1573 1679 1688 1730 amore,

130 1763 190 1819 ilex
201 1762 268 1834 pius
282 1758 431 1830 obsequiis
447 1756 533 1828 coepit
547 1754 749 1826 sollempniter
762 1752 837 1824 aptis
849 1771 856 1820 ;
969 1801 992 1866 B
1008 1753 1100 1818 Quam
1117 1751 1320 1807 dominatricis
1331 1751 1425 1823 jussis
1439 1751 1636 1825 confringeret
1650 1751 1739 1808 artis.

129 1851 333 1925 Depositisque
348 1847 409 1903 suis
425 1845 604 1902 ornamentis
620 1843 770 1916 preciosis,
1008 1839 1059 1895 uui
1075 1839 1142 1895 licet
1157 1858 1174 1895 a
1188 1839 1303 1896 Christo
1318 1841 1448 1912 requiem
1464 1839 1528 1897 sine
1543 1842 1602 1897 fine
1616 1856 1783 1913 perennem

129 1940 278 2013 Simplicis
292 1942 321 1993 et
336 1935 431 1992 tenuis
447 1934 554 1989 fruitur
568 1933 710 1988 velamine
722 1931 820 1997 vestis,
1007 1929 1123 1984 Necnon
1139 1928 1271 1985 lautitiam
1283 1929 1374 2000 justis
1389 1934 1466 1986 retro
1482 1933 1650 2002 reparatam

130 2031 208 2086 luter
223 2029 255 2063 ¹⁹³
271 2029 401 2082 sacratos
417 2022 510 2079 noctis
525 2020 698 2076 venerabilis
713 2020 838 2090 hymnos
1008 2017 1141 2073 Prastari
1157 2017 1244 2073 citius
1255 2019 1318 2090 jam
1334 2035 1393 2073 non
1408 2019 1585 2074 dubitaverit
1596 2017 1691 2086 ullus,

130 2119 245 2175 intrans
260 2115 380 2170 nudatis
396 2111 496 2183 templi
512 2128 595 2165 sacra
608 2109 711 2163 limina
727 2106 844 2180 plantis.
1008 2106 1061 2172 Qui
1078 2106 1217 2162 meritum
1231 2106 1295 2161 vilar
1311 2107 1396 2163 scivit
1409 2107 1556 2164 laudabile
1567 2111 1659 2164 castas

128 2208 186 2263 Nec
202 2206 299 2260 horret
313 2201 419 2257 hiemis
434 2217 542 2254 sevum
557 2198 650 2271 frigus
666 2195 810 2261 l'uricntis,
1007 2194 1103 2267 lpsius
1118 2211 1151 2251 ac
1166 2195 1268 2251 mitem
1283 2195 1375 2268 gessit
1389 2213 1477 2268 quarn
1492 2196 1620 2268 deniquo
1634 2202 1788 2265 mentem,

130 2297 184 2352 Sed
202 2310 292 2368 prono
308 2308 421 2347 sacram
433 2289 513 2344 vultu
530 2293 694 2360 prostratus
711 2286 746 2341 ad
759 2302 850 2352 aram,
1005 2285 1138 2339 Attamen
1156 2284 1291 2340 humana
1306 2303 1358 2358 pro
1370 2286 1581 2342 consuetudine
1594 2303 1696 2342 causae

128 2386 240 2456 Corpus
256 2380 384 2453 frigoreae
399 2377 519 2434 sociavit
534 2376 630 2432 nobile
640 2381 733 2439 terra,
1006 2372 1068 2427 Non
1085 2372 1333 2445 mirum‚p0pulus
1348 2373 1496 2446 planctum
1506 2374 1532 2431 si
1542 2375 1676 2447 sumpsit
1690 2392 1836 2443 amarum,

128 2474 176 2530 Sic
190 2473 232 2528 sic
246 2469 395 2526 merentis
410 2472 470 2523 toto
486 2465 639 2522 conamine
655 2463 751 2520 cordis
1006 2460 1082 2517 Dum
1096 2462 1152 2519 sibi
1166 2467 1226 2517 tam
1241 2462 1339 2519 subito
1357 2465 1452 2519 fuerat
1462 2480 1529 2536 spes
1543 2467 1629 2520 tanta
1644 2470 1785 2521 retracta.

127 2564 273 2635 Exoptuns
288 2559 377 2613 venia
393 2557 452 2611 dux
468 2554 598 2627 prestari
615 2552 670 2608 sibi
686 2568 795 2607 rnnnus
810 2552 852 2605 ¹⁰⁸.
1005 2550 1138 2607 Etfacics
1153 2552 1267 2607 domna
1282 2552 1408 2608 nimium
1425 2552 1531 2626 regalis
1545 2555 1686 2610 amandas

126 2655 188 2719 Quo
204 2668 253 2705 rex
267 2651 427 2719 comperta,
443 2644 536 2699 victus
553 2643 658 2715 pictate
672 2642 799 2713 benigna
1006 2638 1124 2696 Necnon
1139 2641 1263 2713 subjecti
1278 2640 1456 2714 prefulgens
1470 2641 1565 2714 gloria
1580 2643 1668 2714 regni

127 2738 324 2809 Instantisqne
340 2751 452 2790 memor
468 2732 533 2787 festi
549 2731 662 2787 cunctis
675 2729 841 2797 venerandi,
1006 2727 1161 2784 blandatur
1176 2732 1269 2797 terrm,
1287 2730 1397 2802 gremio
1414 2731 1557 2786 servanda
1570 2732 1627 2787 sub
1642 2731 1757 2804 amplo,

125 2829 157 2884 ln
173 2845 231 2900 quo
246 2824 380 2881 coelicola
395 2839 496 2895 pacem
513 2821 622 2876 mundo
638 2820 778 2887 cecinero,
1005 2816 1101 2873 Dcuce
1116 2823 1261 2892 assurgat,
1279 2836 1336 2874 non
1352 2824 1583 2893 corruptumque
1599 2827 1749 2891 resumat,

127 2917 196 2974 Lati
211 2932 278 2988 rege
293 2931 346 2969 suo
361 2917 462 2968 tenera
477 2911 512 2965 de
527 2909 639 2983 virgine
651 2913 718 2964 nato
1005 2907 1087 2973 Quod
1103 2923 1181 2962 nunc
1196 2906 1322 2963 includit
1337 2907 1481 2976 tumulus,
1498 2909 1661 2981 praenobile
1676 2927 1789 2983 corpus

125 3006 162 3064 Ut
175 3006 221 3078 pie
237 3004 361 3061 salvaret
376 3000 521 3055 mundum
538 2997 641 3054 merito
657 2997 715 3069 peri
722 3001 830 3064 turum,
1006 2997 1069 3051 llaec
1084 2995 1176 3068 igitur
1190 3013 1313 3069 puerum
1330 3014 1422 3070 supra
1435 2996 1537 3070 paucis
1552 3003 1760 3056 memoratum

125 3093 248 3152 Prodici
263 3097 350 3149 tanta
364 3106 465 3163 pacem
482 3087 626 3160 portantis
641 3087 748 3142 honore
1002 3083 1114 3140 Acriter
1128 3085 1264 3141 orbatum
1279 3085 1446 3143 dimittebat
1459 3087 1643 3156 Liudulfum,

123 3182 288 3250 Condoluit,
306 3181 450 3236 miserans
466 3178 548 3233 fratri
564 3175 722 3232 commissa
738 3174 849 3241 latenti,
963 3170 984 3238 G
1004 3172 1131 3230 Fenrinei
1148 3173 1264 3230 dulcem
1281 3192 1367 3231 sexus
1384 3192 1473 3231 unam
1489 3193 1607 3249 quoquc
1624 3177 1757 3251 prolem,

122 3275 216 3345 Atque
231 3288 314 3327 suam
332 3269 378 3341 pie
392 3266 547 3339 gratiolam
563 3264 707 3320 concessit
720 3263 886 3319 habendam
1002 3262 1123 3319 Nomine
1139 3263 1346 3336 liudgardam,
1364 3281 1482 3321 summa
1497 3266 1631 3322 bonitate
1663 3283 1831 3337 coruscam,

125 3361 168 3418 llli
185 3377 251 3415 cum
266 3357 356 3413 venia
371 3356 477 3410 dilecto
494 3369 614 3408 munere
629 3351 740 3424 plcnoe;
1001 3351 1132 3407 Moribus
1147 3357 1176 3407 et
1191 3353 1263 3409 faeie
1278 3353 1406 3410 similem
1421 3355 1508 3410 matri
1518 3357 1707 3412 venerandas.

122 3450 240 3505 Necnon
249 3450 315 3520 post
323 3445 434 3517 aliquot
444 3442 530 3515 spatii
542 3440 725 3513 tempuscula
733 3440 813 3512 parvi
822 3438 945 3510 (antllb)
1000 3439 1032 3496 ln
1049 3457 1122 3513 quas
1138 3446 1267 3514 percerte
1282 3442 1397 3499 soboles
1413 3460 1481 3500 mox
1496 3444 1597 3517 stirpis
1614 3447 1756 3502 amandas

123 3538 219 3611 lpsius
229 3534 290 3608 juri
306 3549 439 3607 proceres
455 3532 647 3602 subjunxerat
661 3547 763 3586 omncs
999 3529 1109 3585 Affectu
1125 3530 1221 3586 condis
1237 3530 1363 3603 populus
1373 3532 1407 3567 ²⁰³
1421 3531 1577 3588 deducitur
1588 3533 1692 3590 omnis

123 3627 251 3683 Fumosae
268 3623 392 3680 nimium
409 3621 504 3695 gentis
520 3620 731 3691 bajoariorum,
1000 3617 1116 3691 Magno,
1133 3635 1184 3691 pro
1199 3619 1311 3676 meritis
1327 3619 1454 3676 summis
1469 3620 1626 3693 utriusque
1643 3622 1788 3695 parantis.

121 3717 222 3788 Ipsum
238 3728 343 3785 nempe
358 3712 462 3766 ducein
479 3709 582 3764 nierito
599 3709 729 3764 faciendo
745 3712 903 3781 potentem.
1000 3706 1056 3764 Sed
1072 3707 1166 3780 magis
1182 3724 1215 3763 ac
1226 3709 1308 3780 juste
1324 3708 1403 3764 dulci
1419 3709 1549 3766 fervebat
1564 3727 1666 3768 amore

121 3806 156 3860 llt
169 3808 235 3878 post
249 3803 310 3858 haec
327 3800 404 3855 ultra
419 3801 514 3855 fuerat
529 3798 676 3853 discordia
691 3796 772 3852 nulla
999 3797 1074 3870 Ergo
1090 3797 1216 3871 regalem
1232 3814 1356 3870 puerum
1372 3798 1525 3855 dominum
1543 3799 1732 3871 Liudulfum,

121 3894 272 3959 luterens,
289 3889 396 3946 animis
412 3888 539 3943 fraterno
556 3887 660 3942 foedcrc
672 3885 794 3957 junctis.
999 3885 1100 3958 ipsum
1116 3902 1167 3959 spe
1183 3887 1290 3943 mentis
1300 3891 1361 3944 tota
1375 3886 1545 3960 complexus
1562 3888 1705 3946 amantis.

119 3984 284 4052 avaresque
300 3979 399 4050 1θ’(θῖ)
414 3993 465 4048 per
480 3976 557 4031 hunc
573 3975 640 4031 cavi
655 3974 816 4046 sepissime
830 3974 908 4041 victi,
1001 3975 1110 4048 llicque
1124 3975 1181 4032 sibi
1196 3976 1343 4033 naturales
1358 3976 1480 4033 imitans
1495 3977 1697 4047 benenom,

121 4070 189 4126 Post
203 4070 263 4125 haec
278 4066 408 4123 Oddonis
423 4067 456 4100 ²⁰⁰
472 4080 594 4137 regnum
610 4063 686 4137 regis
701 4063 864 4136 spatiosum
998 4065 1140 4122 Extiterat
1155 4066 1268 4122 cunctis
1283 4065 1410 4123 blandus
1425 4066 1581 4123 dulcedine
1596 4067 1720 4137 mentis,

120 4158 183 4215 Non
199 4157 310 4213 laedunt
324 4154 389 4211 telis
404 4159 544 4210 consueto
559 4170 640 4210 more
654 4151 793 4221 cruentis,
999 4156 1182 4224 Mansuetus,
1197 4153 1338 4225 clemens,
1355 4155 1490 4224 humilis,
1505 4155 1698 4231 nimiumque
1722 4155 1820 4214 lldelis.

120 4249 252 4320 Tangere
267 4261 319 4302 nec
336 4243 536 4317 contingentes
553 4243 662 4298 audent
676 4241 821 4310 nationes,
999 4244 1072 4301 ilinc
1086 4260 1203 4317 quoque
1217 4242 1386 4318 graciolam,
1400 4244 1515 4301 Christo
1525 4249 1687 4318 prestante
1702 4245 1821 4320 benigue

119 4337 160 4394 Ex
174 4341 283 4393 terrore
298 4333 382 4390 ducis
397 4331 469 4389 tanti
485 4332 609 4387 nimium
626 4330 805 4400 tremefacti;
898 4349 901 4354 ·
998 4335 1123 4390 'fantum
1138 4333 1310 4406 promeruit,
1326 4335 1461 4391 meritam
1478 4333 1628 4407 digneque
1641 4335 1752 4409 recepit

119 4426 170 4483 ilic
186 4426 257 4498 quia
271 4423 424 4498 prudentis
439 4424 557 4477 functus
571 4419 731 4476 valitudine
745 4419 863 4489 mentis,
999 4423 1141 4480 Gentibus
1155 4422 1184 4478 in
1199 4423 1234 4459 ²⁰⁸
1249 4423 1363 4480 cunctis
1379 4424 1471 4496 patris
1485 4423 1611 4496 imperio
1624 4423 1765 4498 religatis,

120 4515 170 4572 llis
184 4514 338 4571 hominurn
354 4511 494 4567 monstris
511 4509 595 4565 bellis
608 4510 728 4565 obstans
742 4509 864 4587 iteratis,
958 4545 982 4611 D
1000 4512 1035 4569 Ut
1049 4512 1227 4585 quicumque
1241 4531 1300 4569 sua
1316 4511 1415 4570 saltim
1430 4512 1612 4585 perpaucula
1627 4514 1713 4570 famo

118 4605 162 4660 Ad
178 4621 230 4659 nos
246 4601 384 4675 pergendi
399 4599 488 4656 ealles
503 4597 662 4654 secluserat
677 4614 789 4654 omnes.
995 4601 1124 4658 Vorbula
1138 4601 1302 4674 conciperet
1315 4601 1436 4658 latebris
1450 4601 1631 4674 propensius
1647 4603 1739 4671 auris,

120 4695 243 4766 lnsupcr
257 4697 286 4749 et
299 4690 422 4764 primus,
436 4688 543 4744 Christi
557 4689 592 4743 dc
607 4688 640 4722 ¹⁰¹
657 4687 775 4744 uonrine
789 4693 881 4758 tutus,
998 4692 1094 4764 Ipsius
1108 4690 1138 4746 in
1154 4691 1269 4748 dulcem
1286 4695 1366 4748 tetus
1381 4694 1533 4764 raperetur
1547 4708 1693 4762 amorem,

119 4784 267 4839 Audenter
281 4797 347 4836 cum
364 4779 502 4849 subjectae
518 4776 611 4849 plebis
624 4775 737 4850 legione
995 4781 1154 4837 Absentem
1169 4797 1311 4837 venerans
1325 4779 1433 4835 animis
1447 4778 1605 4836 dominum
1617 4780 1769 4837 studiosis.

118 4872 258 4944 lljusdem
271 4867 370 4943 populi
387 4868 511 4940 patriani
527 4865 609 4939 potiit
624 4864 770 4934 scelerosi,
996 4871 1088 4938 Quem
1104 4873 1185 4942 poter
1199 4869 1344 4943 egregius,
1360 4885 1409 4926 rex
1423 4873 1452 4925 et
1467 4868 1566 4926 senior
1576 4870 1772 4938 venerandus,

155 4959 237 5017 Vers.
252 4960 315 5015 388.
1030 4958 1113 5016 Vers.
1130 4959 1192 5015 439,

795 5080 915 5141 VAltlAE
933 5084 1145 5144 ascalonas.

155 5215 187 5251 Μ
202 5211 385 5292 ito21tcrl3
419 5210 505 5316 ”landa
520 5207 809 5279 corrr'qo;Er0ptans
833 5211 963 5282 prestari
992 5209 1083 5267 venire
1111 5225 1231 5292 munus,
1248 5209 1304 5265 sibi
1332 5210 1432 5294 duxi.
1450 5208 1820 5295 (leltesemendatroptaas

119 5282 440 5426 erravisset?
458 5281 1144 5425 niversensieneruatius
1159 5281 1184 5336 ¹·
1205 5282 1237 5316 ’⁰¹
1251 5297 1341 5338 n,
1477 5304 1487 5352 ³
1500 5282 1575 5341 ΜΘ
1589 5284 1619 5339 ²·
1652 5283 1821 5343 *fleu

910 5478 1027 5542 davd.

157 5584 212 5666 (62)
227 5581 257 5642 ld
273 5584 318 5641 est
331 5579 431 5659 ngri.
