3900 6090
584 290 746 356 leaenis
767 291 932 354 ABBATIS
954 292 986 352 S.
1010 290 1180 354 denotet
1203 290 1398 354 nereusls

775 430 1842 453 mm

663 530 977 622 PROLOGUS
1013 533 1328 622 AUCTORIS.

172 741 197 794 l.
216 740 351 793 Partibus
367 738 470 809 primis
486 742 636 808 gestorum
661 755 749 793 sacra
773 738 905 810 virginis,
923 742 956 792 ut
970 739 998 806 Α
1013 738 1108 805 ritate,
1125 739 1239 796 christo
1259 739 1382 795 Domino
1409 744 1508 795 nostro
1533 741 1648 813 praevio,
1666 744 1842 817 meritisque

136 827 250 882 dicendi
267 825 383 880 siccitas
397 826 573 897 patiebatur,
589 844 621 880 ex
636 831 767 880 rotarum
781 825 896 881 illarum
914 825 958 881 lit·
1011 826 1105 897 ipsius
1121 845 1235 899 sponsa
1251 828 1353 882 divinae
1375 829 1551 897 faventibus,
1570 832 1708 886 narrandi
1735 833 1838 892 ordine

135 923 263 972 terarum
285 915 308 968 si
315 928 343 970 ru
362 916 389 969 in
407 932 478 969 nora
495 916 619 987 quadam
637 915 710 969 lario
726 915 783 969 Dan
800 914 956 971 miserante
1011 917 1112 971 eadem
1128 917 1250 990 vestigia
1266 902 1487 990 persequemua

135 1006 276 1072 reductis,
302 1006 474 1076 priusquam
501 1003 621 1076 reliquis
645 1004 833 1075 expirdirndis
857 1021 955 1059 suerr—
1045 1005 1837 1084 3.Gratumprcrtercaadmodumhabcmus,quodheo

135 1096 214 1163 darn,
232 1092 411 1159 lactor·cn1,si
427 1093 493 1164 quis
510 1095 581 1147 lirrte
597 1093 656 1147 hac
668 1093 697 1146 iu
714 1110 818 1147 numus
830 1098 895 1164 post
907 1092 957 1147 illa
1011 1095 1360 1168 posterioracertierijom
1372 1095 1589 1168 aliquantulum
1600 1099 1835 1169 ducuntitinerc,

135 1199 251 1238 sumere
267 1197 323 1236 non
351 1182 490 1248 fastidiet,
508 1183 584 1236 liena
607 1182 691 1236 venia
715 1180 816 1253 patrois
840 1186 955 1236 oratum
1010 1185 1150 1255 temporis
1174 1185 1299 1241 maxime
1325 1186 1519 1259 notitiaque
1544 1189 1711 1261 superiores
1735 1196 1835 1262 partes

134 1271 209 1340 roto,
221 1289 257 1326 uc
274 1288 320 1326 mo.
336 1271 419 1342 quasi
438 1271 624 1325 temerarium
641 1276 669 1324 rt
685 1270 822 1324 omuibus
834 1270 953 1324 tersitan
1010 1271 1142 1326 nonnihil
1158 1273 1295 1339 infuscat,
1312 1271 1440 1328 lucidius
1460 1273 1610 1347 insignita.
1625 1275 1699 1331 Nam
1714 1284 1835 1350 excepto

134 1360 219 1416 scriis
232 1377 357 1415 vacuum
374 1359 617 1431 mentisquadom
633 1358 786 1414 nulailitate
797 1358 956 1413 acllracde-
1009 1360 1105 1432 prima
1124 1362 1218 1417 fronte
1232 1362 1350 1417 nomine
1369 1361 1523 1417 childerici
1542 1363 1615 1435 (326)
1632 1365 1719 1438 regis,
1735 1370 1765 1421 et
1779 1366 1835 1423 hoc

135 1452 232 1503 notem
249 1447 691 1519 prorupissc,cuusasqncaerque
711 1446 809 1501 anime
830 1462 886 1500 non
908 1462 954 1500 as·
1009 1449 1833 1524 suhopinioncappositoperlotomexindenarrationem;

133 1540 271 1610 pernotur
281 1537 441 1592 addiscere.
451 1535 481 1589 ln
492 1535 596 1607 primis
617 1551 705 1607 quam
716 1533 833 1590 exordio
848 1534 955 1605 proles·
1009 1536 1090 1609 quid,
1103 1539 1159 1593 sub
1171 1554 1228 1611 quo
1240 1554 1307 1611 rego
1317 1538 1360 1594 rel
1377 1539 1508 1612 principe
1518 1545 1635 1613 gestum
1651 1541 1701 1610 sit,
1717 1541 1759 1598 ita
1769 1543 1836 1600 sile·

133 1643 184 1683 sus
209 1643 287 1696 sum,
303 1639 425 1699 quaque
449 1623 560 1678 ceteris
586 1623 789 1695 praeponderat
811 1622 954 1695 flagitatio
1008 1629 1065 1693 tur,
1084 1631 1116 1681 ut
1130 1626 1219 1681 etiam
1234 1627 1297 1699 ipse
1313 1625 1506 1695 childericus,
1520 1627 1571 1700 qui
1588 1628 1618 1684 in
1635 1645 1704 1687 nece
1730 1632 1833 1703 sponsi

132 1722 301 1772 sanctarum
321 1714 448 1770 nimium
468 1713 645 1784 importuna,
663 1713 824 1784 cademque
839 1711 955 1766 diutina
1008 1714 1097 1770 beate
1112 1715 1234 1787 virginis
1249 1715 1424 1771 sententiam
1440 1715 1536 1771 ferens
1552 1716 1704 1788 reperitur,
1716 1735 1775 1775 non
1786 1737 1833 1776 sa·

132 1806 250 1878 subegit
261 1820 406 1872 sororum,
418 1802 568 1873 inquibus
580 1801 731 1874 quidpiam
753 1802 895 1874 denegare
915 1801 955 1856 ol·
1008 1802 1046 1858 tis
1061 1806 1155 1859 certos
1170 1803 1310 1875 temporis
1327 1804 1439 1859 reddat.
1456 1804 1539 1867 Hune
1554 1806 1701 1877 siquidem
1716 1806 1833 1866 childe-

133 1895 220 1949 lonsre
231 1892 467 1965 penavidrhatur
477 1891 506 1945 in
520 1890 740 1946 Deumlteinde
757 1889 952 1945 materiatam
1008 1891 1112 1958 risum,
1129 1891 1153 1946 si
1171 1895 1267 1947 tamen
1284 1891 1346 1963 ipse
1361 1896 1415 1959 est,
1433 1892 1512 1948 sama
1526 1897 1641 1949 tantum
1661 1894 1718 1951 fert
1737 1894 1833 1952 Caroli

132 1981 442 2057 perspicabilisquom
453 1979 556 2034 merito
568 1980 612 2034 sui
624 1977 877 2051 praestantissimis
888 1976 952 2050 qui·
1008 1980 1137 2035 Senioris
1152 1997 1209 2035 non
1225 1979 1354 2035 multam
1369 1981 1504 2051 superius
1516 1984 1646 2054 tempora
1661 1982 1831 2057 contigisse,

132 2074 246 2145 busque
261 2071 362 2139 (iibere
384 2068 645 2141 pronuntiaverim)
655 2068 843 2140 coaequanda,
860 2066 888 2121 in
906 2066 951 2121 sui
1007 2067 1091 2140 eique
1107 2068 1202 2124 adhuc
1214 2069 1372 2142 superstite
1381 2069 1544 2142 genitorem
1555 2069 1649 2143 ipsius
1664 2071 1759 2128 caroli
1768 2072 1832 2146 Pip-

131 2159 417 2218 commendationum
429 2174 479 2229 per
489 2157 587 2228 seipsa
605 2156 906 2222 sufficiens,animum
922 2155 951 2210 in
1007 2155 1107 2228 pinum
1125 2155 1207 2229 prius
1218 2157 1322 2212 ducem
1334 2161 1362 2212 et
1376 2158 1517 2229 maJ'orem
1528 2158 1645 2229 domus,
1654 2163 1687 2215 ut
1701 2163 1771 2217 tuno
1787 2159 1832 2217 di-

131 2252 230 2305 setota
240 2247 401 2318 cupiditate
413 2245 630 2300 convertitNac
640 2244 786 2316 scriptura
796 2243 953 2316 illaquam·
1006 2245 1135 2312 sebatur,
1153 2245 1182 2300 in
1197 2245 1276 2317 regio
1292 2244 1420 2301 culmino
1435 2246 1657 2319 superductum,
1673 2246 1766 2304 nimia
1780 2247 1830 2306 illo

129 2338 173 2393 ris
184 2336 282 2392 silenti
295 2336 404 2391 lerntur
414 2332 660 2400 auctore,viribus
672 2350 768 2387 rerum
780 2331 891 2404 aliquid
902 2332 951 2387 de·
1006 2334 1139 2389 socordio
1154 2338 1182 2389 ot
1197 2334 1281 2389 inerti
1298 2335 1431 2390 demerso
1449 2334 1573 2407 ignavia,
1591 2336 1678 2392 rebus
1694 2336 1830 2412 regendis

130 2420 953 2494 trahit,cumseurinentriquracsiraroaspersanonste·
1006 2438 1063 2478 non
1080 2420 1175 2478 solum
1191 2423 1290 2478 minus
1306 2423 1430 2491 idomeo,
1447 2423 1496 2479 sed
1514 2440 1566 2496 per
1584 2424 1684 2481 omnia
1709 2441 1830 2498 prorsus

131 2514 215 2570 rilem
230 2513 340 2569 usibus
357 2511 467 2566 nostris
484 2510 513 2564 in
539 2510 718 2565 immensum
739 2509 950 2564 extendendam
1006 2511 1101 2567 inutili
1118 2511 1308 2567 redditolloc
1324 2517 1424 2567 utrum
1441 2512 1482 2567 sic
1498 2528 1530 2569 se
1545 2512 1760 2582 habeut,nccne
1772 2530 1830 2570 non

130 2596 951 2673 messemproduxeritdaqueonimrefertquovisindicio
1005 2600 1141 2673 equidem
1165 2601 1194 2654 in
1220 2616 1326 2672 magno
1348 2617 1455 2673 ponam
1480 2599 1659 2658 discrimine.
1685 2606 1830 2659 ceterum

130 2703 346 2763 usquecunque
355 2685 635 2759 cavernulagcmma
647 2685 845 2758 pulcherrima
857 2691 950 2742 extra·
1005 2689 1125 2746 annales
1140 2704 1191 2744 scu
1207 2688 1348 2757 historici,
1364 2705 1438 2761 quos
1454 2689 1596 2762 inspicere
1615 2689 1707 2763 potui,
1724 2695 1832 2762 prater

128 2777 393 2846 hatur,dummodo
404 2775 556 2831 avaritiam
567 2773 951 2846 mortaliumusuexpleatet
1005 2776 1097 2834 solam
1113 2777 1206 2834 caroli
1221 2777 1328 2845 Vitam,
1346 2777 1561 2851 Raganlredum
1582 2779 1740 2851 quemdam
1756 2795 1827 2835 con-

127 2863 508 2938 decoro.thrroniamtarrti
517 2863 602 2935 pretii
612 2862 951 2935 margaritampluribus
1005 2867 1108 2935 tinent,
1126 2867 1160 2923 de
1175 2867 1260 2939 cujus
1276 2882 1365 2921 manu
1378 2866 1498 2924 Carolus
1512 2865 1708 2940 principatum
1729 2871 1829 2924 sustu·

128 2951 949 3028 pretiesismoritopreferendamintervitaehujusaerum·
1004 2953 1053 3023 lit;
1068 2955 1264 3012 childericum
1280 2971 1358 3011 unus
1383 2958 1499 3011 tantum
1524 2953 1573 3012 ille
1596 2953 1711 3011 annalis
1735 2971 1828 3028 quam

128 3037 810 3114 nssmultiplicesinlirmitatinostraesolatium
819 3039 951 3095 tamehl·
1004 3043 1175 3100 brevissime
1203 3043 1332 3111 adnotat,
1349 3042 1501 3100 etlamam
1517 3044 1717 3116 supradictam
1731 3045 1829 3119 seqni-

127 3150 179 3188 oax
198 3130 297 3186 divina
316 3127 452 3201 prestitit
470 3127 575 3199 pistas,
592 3127 747 3202 indignum
771 3127 949 3183 omnimodis
1004 3136 1052 3187 tur
1067 3148 1100 3188 eo
1115 3132 1247 3204 deposito
1262 3131 1297 3187 de
1312 3147 1401 3205 regno
1417 3137 1446 3188 et
1460 3136 1620 3200 tonsorato,
1631 3132 1828 3206 Pippinumei

122 3217 337 3293 judicabam,si
353 3217 390 3272 ad
419 3220 532 3272 tantam
558 3215 683 3289 gratiam
700 3216 806 3289 lingua
818 3217 951 3289 improba
1004 3222 1226 3293 superductum.
1243 3220 1273 3276 Si
1290 3226 1387 3276 tamen
1403 3220 1429 3277 is
1444 3221 1479 3276 de
1498 3237 1557 3294 quo
1576 3222 1654 3277 sama
1671 3222 1776 3294 jactat,
1792 3238 1828 3280 ea

125 3313 154 3364 et
169 3309 284 3382 ingrata
298 3311 448 3379 torperent
462 3304 631 3373 silentia,ut
646 3305 670 3360 si
687 3322 745 3360 non
762 3311 872 3378 quanto
890 3306 950 3379 dig·
1005 3313 1088 3365 state
1111 3307 1202 3365 fuisse
1217 3309 1379 3364 credendus
1395 3313 1458 3376 est;
1475 3310 1622 3382 quomodo
1637 3308 1678 3375 id,
1700 3309 1779 3382 quod
1795 3310 1826 3367 in

125 3413 197 3453 num
214 3399 292 3451 osset
306 3394 413 3467 eloquii
431 3393 536 3460 nitore,
553 3394 645 3450 oratio
662 3399 761 3466 posset
776 3395 888 3463 vestiri,
900 3412 952 3450 nu·
1005 3398 1139 3470 prasenti
1160 3396 1258 3453 libello
1283 3397 1435 3471 reperitur,
1462 3399 1541 3470 quod
1564 3398 1647 3456 locus
1668 3398 1827 3473 coemeterii

124 3487 180 3542 dus
196 3484 299 3542 saltem
316 3500 412 3539 sermo
424 3486 584 3556 prestaret,
600 3499 636 3538 ne
652 3482 742 3551 salus,
760 3500 822 3555 qua
838 3489 900 3539 arat
914 3483 944 3539 in
960 3467 982 3536 C
1001 3485 1270 3543 sanctimonialium
1281 3486 1317 3541 ad
1330 3486 1604 3559 sanctosapostolos
1618 3488 1743 3544 necdum
1755 3491 1828 3543 tem·

123 3591 290 3640 commune,
306 3575 454 3629 videretur
468 3572 643 3629 mortalibus
654 3572 820 3629 intercludi.
1001 3575 1080 3649 poris
1088 3590 1207 3647 corpore
1218 3575 1293 3631 beati
1304 3573 1416 3630 Arnuld
1432 3574 1829 3649 habereturinsignis,possit

157 3670 185 3721 2.
202 3666 265 3721 Non
280 3669 379 3720 autern
393 3663 502 3719 certius
517 3679 571 3717 nos
596 3662 707 3735 aliquid
735 3662 876 3719 allaturos
892 3664 946 3720 hae
1001 3664 1128 3736 probari,
1145 3679 1203 3719 uon
1219 3663 1293 3719 satis
1307 3663 1421 3719 clueat:
1437 3679 1505 3720 cum
1518 3667 1632 3720 constet
1641 3663 1761 3720 beatum
1775 3664 1828 3719 Αιι

123 3755 223 3826 scripti
247 3751 845 3824 novitatel'atemur,nequceniminactam
871 3753 946 3808 ordi·
1000 3751 1115 3809 nullum
1137 3750 1254 3825 longius
1280 3751 1373 3808 multo
1398 3756 1556 3824 antequam
1581 3751 1607 3808 is
1639 3750 1825 3809 childericus

123 3860 190 3898 mur
205 3858 276 3910 rem,
293 3859 360 3898 cum
377 3834 481 3897 alienis
497 3845 613 3896 tautum
624 3840 755 3913 vestigiis
772 3840 943 3897 innitamur.
1000 3841 1091 3898 luisse
1105 3840 1229 3910 dicatur,
1246 3855 1261 3896 e
1277 3841 1387 3896 mundo
1402 3843 1561 3913 receptum,
1578 3846 1607 3897 et
1621 3844 1654 3897 ut
1668 3857 1753 3897 sacra
1762 3858 1828 3915 ges·

122 3933 178 3988 Sed
193 3931 332 4003 quoniam
346 3929 469 3984 historia
484 3927 535 3984 illa
553 3928 645 3984 beate
659 3929 783 4001 virginis
804 3929 943 4001 simplici,
999 3932 1097 3986 torum
1111 3929 1175 3999 ejus
1191 3928 1299 4000 scripta
1313 3927 1472 3997 declarant,
1485 3929 1606 3985 vixdum
1622 3946 1699 3985 anno
1715 3929 1827 3986 dormi-

121 4024 155 4074 ut
169 4018 243 4073 sorte
258 4017 420 4089 antiquitas
433 4018 468 4072 de
483 4021 602 4089 repento
618 4017 769 4072 mandavit
784 4018 942 4086 memorie,
999 4016 1088 4073 tionis
1103 4034 1163 4072 sue
1178 4018 1277 4072 exacte
1292 4033 1309 4070 a
1324 4014 1386 4071 loeo
1397 4015 1556 4089 sepultura
1572 4017 1670 4073 Mettis
1686 4016 1824 4075 rolatum.

121 4105 197 4177 stylo
213 4109 365 4176 compacta
377 4105 464 4177 vulgo
475 4104 571 4161 solum
587 4109 648 4161 orat
662 4105 944 4172 aconmnroda;c-on-
999 4106 1039 4162 Ea
1053 4109 1203 4174 utcunque
1226 4103 1285 4160 sint
1308 4104 1477 4176 quibusque
1491 4121 1542 4177 pro
1558 4105 1701 4160 arbitratu
1717 4104 1747 4160 in
1762 4122 1825 4162 me·

121 4192 709 4265 siderantesjarnchristupropitioplures
721 4192 943 4265 disciplinarum
998 4194 1080 4251 dium
1096 4192 1304 4264 relinquentes,
1322 4209 1379 4247 non
1400 4192 1528 4248 multum
1545 4194 1647 4266 utique
1662 4194 1825 4251 sententia·

121 4282 228 4341 studiis
240 4281 412 4349 eminentes,
431 4280 584 4336 lectionem
609 4279 775 4337 insulsioris
792 4280 942 4353 scripturas
998 4298 1064 4337 rum
1079 4281 1195 4354 pondus
1215 4280 1268 4336 hae
1293 4280 1440 4336 adimanto
1464 4282 1607 4354 ambage,
1623 4299 1687 4355 quas
1710 4286 1825 4340 restant

121 4389 178 4429 non
194 4372 258 4429 sina
274 4371 401 4444 quadam
418 4386 529 4425 nausea
543 4369 695 4437 fastidire,
711 4387 811 4426 eorum
828 4368 942 4426 deliciis
998 4371 1126 4438 omnino,
1143 4368 1266 4425 Domino
1286 4373 1423 4425 conatum
1441 4371 1576 4440 juvante,
1594 4370 1658 4442 jam
1684 4372 1823 4444 persequi

119 4465 251 4518 nostram
267 4476 386 4532 operam
403 4475 460 4513 non
477 4458 650 4531 incogruum
666 4458 877 4514 aestimavimus
893 4459 941 4514 de·
997 4459 1256 4527 contendamus,et
1270 4456 1513 4514 translationibus
1523 4458 1649 4531 geminis
1666 4459 1757 4515 beatu
1768 4460 1824 4516 vir·

119 4550 237 4606 serviro.
255 4549 354 4605 Fidem
372 4565 440 4620 ergo
453 4552 603 4620 gestorum
614 4550 643 4603 et
657 4547 686 4601 in
702 4546 791 4619 priori
804 4551 897 4619 parto,
909 4552 942 4603 ut
996 4549 1083 4622 ginis,
1095 4564 1159 4619 quas
1175 4545 1370 4602 successerint
1380 4546 1524 4600 virtutum
1541 4545 1825 4622 miracula,quaequa

120 4637 355 4711 scriplapraelota
364 4636 826 4708 monstrabant,interpretatione
838 4636 941 4704 ssrla,ut
996 4638 1030 4694 ad
1048 4635 1278 4692 sacratissimam
1293 4633 1400 4689 tumuli
1423 4634 1488 4705 ojus
1512 4634 1704 4690 reverentiam
1729 4635 1825 4693 diver·

118 4730 302 4800 putansque
314 4724 941 4798 adabitumbeataevirginistransposuimus
996 4740 1095 4781 sorum
1111 4723 1265 4797 langorum
1283 4722 1341 4779 sint
1356 4726 1474 4778 ostensa
1491 4721 1630 4789 remedia,
1647 4722 1743 4779 olltcio
1765 4741 1824 4782 nou

117 4819 147 4872 et
161 4833 239 4873 nunc
254 4814 447 4888 sequentibus
459 4813 595 4885 deinceps
606 4813 669 4886 pari
685 4812 940 4884 nihilominuspu·
956 4834 980 4901 D
996 4814 1095 4869 minus
1110 4813 1212 4868 devoto
1224 4828 1314 4883 quam
1329 4811 1428 4867 debito
1443 4810 1635 4883 explicemus.

307 5091 563 5183 erltltthd
592 5089 991 5182 detestationis
1019 5087 1189 5180 PRIMAE
1219 5085 1261 5176 S.
1292 5084 1635 5182 succesionis.

151 5267 168 5319 4
194 5266 230 5321 Ut
245 5266 378 5339 superior
394 5269 570 5323 narrationis
591 5269 681 5323 series
705 5269 937 5340 ‹coruprrhcudit,
994 5269 1022 5323 in
1039 5265 1161 5322 basilica
1176 5261 1840 5334 sanctorumapostolorumextramuresurbi.

115 5359 271 5426 postquam
279 5355 939 5429 sacratissima·virginiseorpusintemeratum
994 5370 1152 5430 peramans
1167 5352 1220 5407 254
1235 5350 1394 5422 quieverat,
1415 5351 1550 5423 quadam
1575 5349 1649 5407 forte
1672 5349 1825 5425 religiosa·

118 5572 125 5585 ι
152 5503 227 5570 (326)
239 5507 405 5580 Legendum
421 5507 568 5579 llilpcrici,
586 5512 618 5564 ut
633 5508 662 5563 iu
680 5509 785 5566 seculo
800 5528 820 5566 n
837 5509 987 5582 admonui,
1005 5526 1037 5564 en
1054 5505 1171 5564 nornine
1186 5501 1271 5575 primi
1288 5501 1485 5560 childericum
1511 5501 1666 5561 chlodovei
1683 5501 1709 5559 ll
1725 5500 1824 5563 filiurn

116 5588 267 5647 ignorasse
281 5580 398 5636 videtur
412 5585 526 5638 auctor.
