3900 6090
145 263 207 325 329
736 269 938 332 EPlS'l'llLAE
961 272 1009 332 ΕΤ
1032 271 1265 334 miltiadem.
1794 273 1882 335 330·

141 396 188 453 vel
204 399 357 455 occasione
372 400 529 472 caJuslibet
540 418 669 474 persona
682 408 823 458 temerare
834 420 972 475 praesum-
990 411 1016 475 Λ
1033 405 1141 460 Deinde
1156 406 1326 461 conscendit
1337 422 1425 478 super
1436 406 1532 478 ipsum
1543 403 1690 462 adoletum
1701 405 1737 466 de
1747 384 1853 462 comite

140 487 247 559 pserit,
265 488 321 544 nisi
349 489 517 562 resipuerit,
533 490 769 547 maledictionem
794 508 811 547 a
837 492 931 560 Patre,
947 497 976 547 et
1032 493 1176 551 Suniario.
1187 494 1296 551 Deinde
1311 499 1389 551 reete
1406 495 1522 551 tramite
1536 494 1615 552 vadit
1625 511 1676 568 per
1695 494 1854 552 summita-

141 576 254 650 Fliioct
266 577 378 650 Spiritu
391 582 493 634 sancto
505 585 712 652 consequatur,
730 586 758 637 et
777 597 844 636 cunr
860 579 975 636 diabolo
1030 586 1089 638 tem
1105 583 1140 639 de
1159 583 1223 655 ipsa
1239 601 1328 650 serra,
1345 587 1374 640 et
1397 583 1528 656 pervenit
1551 600 1640 656 super
1662 583 1761 656 ipsum
1780 581 1853 640 Cas·

139 665 266 738 ejusque
281 667 381 735 seclia,
396 667 590 724 atrocissimis
607 668 740 740 poenieat
757 675 863 724 aeterno
879 669 975 724 iucem
1031 674 1108 727 trum
1124 673 1235 740 auri,et
1246 672 1349 728 exinde
1360 672 1395 727 ad
1409 671 1505 744 ipsum
1517 671 1610 728 risam
1622 671 1657 728 de
1668 670 1852 742 vineamala,

139 754 426 827 diodeputetur,ncc
438 757 466 811 in
479 757 691 813 resurrectione
704 756 862 813 electorum
875 758 974 813 lutura
1028 765 1057 815 et
1072 761 1249 832 pervenitad
1266 761 1363 833 ipsum
1378 762 1485 817 vadam
1497 764 1657 833 petrosum,
1668 759 1851 835 transitoque

139 843 250 916 dignus
265 844 477 914 inveniatur,et
492 864 508 902 a
524 846 779 914 conrirrunione,et
795 852 900 904 sancta
914 865 973 902 ma.
1028 847 1086 903 rive
1103 850 1232 920 pervenit
1247 850 1283 905 ad
1296 854 1387 905 terras
1397 849 1553 918 llndalesii,
1563 850 1613 922 qai
1624 849 1848 922 luitquondam.

140 932 196 988 tris
209 932 343 989 Ecclesiae
355 934 468 1003 sinu,ct
481 954 497 990 a
508 936 655 991 consortio
667 942 834 991 sanctorum
846 937 884 992 sil
901 936 971 992 alie·
1027 938 1138 993 Deinde
1155 938 1308 994 revertitur
1322 939 1357 993 ed
1371 938 1467 1010 ipsum
1480 938 1615 994 moialem
1634 943 1663 993 et
1679 939 1850 995 conscendit

137 1021 271 1087 nustlai
287 1029 386 1078 autem
404 1023 541 1079 imcntus
558 1025 644 1079 luerit
661 1026 814 1096 sepedicti
828 1029 972 1081 eemste-
1026 1045 1043 1081 a
1058 1028 1227 1082 sirrumitale
1243 1028 1278 1082 de
1299 1032 1397 1082 ruente
1412 1026 1595 1095 Casti-iliam
1612 1027 1742 1097 {certauit
1762 1043 1850 1098 saper

137 1110 175 1165 rii
190 1111 308 1183 adjutor
324 1118 412 1184 atqtm
437 1114 584 1183 defensor,
601 1115 726 1185 justitior
752 1115 898 1169 tramitem
922 1133 969 1169 se·
1026 1117 1121 1189 ipsura
1139 1117 1297 1172 termirmm
1314 1117 1348 1171 dc
1363 1115 1511 1187 ροΙννίὶοῘο,
1525 1131 1617 1186 usque
1631 1114 1660 1168 in
1677 1133 1788 1191 serram
1805 1114 1848 1170 ul·

137 1216 245 1273 «paens,
261 1218 277 1255 a
292 1201 418 1257 dexteris
436 1203 601 1257 im'enialur
617 1204 772 1276 particeps,
789 1211 877 1275 eatque
901 1221 968 1258 cum
1024 1210 1068 1280 tra
1084 1206 1177 1277 ipsam
1193 1206 1354 1274 wardiam,
1371 1211 1399 1260 ct
1412 1205 1453 1260 sic
1468 1205 1547 1260 vadit
1572 1221 1622 1276 per
1646 1205 1848 1260 summitatem

138 1290 252 1345 sanctis
267 1291 405 1346 omnibns
421 1292 541 1346 sociatis
559 1298 738 1364 permaneat.
1024 1295 1030 1348 i
1036 1294 1207 1365 psiusserrae
1219 1299 1246 1350 et
1255 1294 1584 1366 pervenitsanteripsmn
1595 1293 1845 1363 lllonaateriolum,

175 1378 325 1453 Scriptum
342 1397 393 1452 per
409 1397 530 1436 manum
550 1380 700 1452 liutulphi
719 1383 821 1437 notarii
840 1384 968 1455 regiona·
1022 1384 1427 1458 etconscenditaddrtigodc
1438 1383 1584 1456 Levigildo
1597 1399 1604 1438 ε
1617 1383 1847 1439 deiudedescea·

135 1465 183 1537 rii,
193 1472 223 1523 et
236 1467 381 1525 scriniarii
392 1474 501 1524 salicta
518 1470 655 1525 ltainanm
669 1469 803 1526 llcclcsim
820 1471 849 1526 in
867 1488 966 1529 niense
1022 1472 1064 1528 dil
1075 1491 1163 1546 super
1173 1473 1268 1545 ipsam
1284 1472 1382 1530 villam
1394 1472 1429 1530 de
1439 1471 1727 1546 Vallel'ermosa,qua
1737 1471 1847 1529 eraldo

135 1549 319 1626 Decembris,
335 1564 364 1613 et
376 1556 536 1614 indictione
547 1558 748 1631 suprascripta
758 1565 849 1616 sexta.
1019 1561 1375 1620 nlezino.beindevedeto
1384 1562 1742 1635 torrenteeouseeuditper
1750 1561 1845 1638 ipsam

532 1693 567 1748 Ἡ
1019 1653 1147 1708 Articam
1171 1669 1260 1724 quom
1282 1650 1401 1708 Samuel
1425 1650 1534 1708 ibidem
1563 1652 1599 1708 de
1620 1667 1717 1707 eremo
1746 1650 1842 1708 traxit.

531 1736 538 1748 ⁶
571 1735 577 1747 '
980 1740 1274 1852 BDeindeasceodit
1297 1740 1454 1815 adipsum
1478 1739 1587 1798 collam
1610 1740 1640 1796 in
1665 1739 1844 1813 ipsavia,et

135 1824 287 1865 sessorem
309 1824 388 1864 esra
407 1825 445 1863 vu
467 1825 559 1864 uuam
578 1826 633 1865 rao
649 1826 779 1866 accusem
793 1826 963 1867 aaseaassr.
1018 1828 1169 1886 descendit
1193 1847 1243 1902 pe,
1265 1829 1438 1899 Gallicam,
1456 1833 1485 1886 ep
1506 1829 1639 1902 pervenit
1662 1828 1790 1885 appiam
1806 1830 1842 1886 de

459 1925 551 1995 (Auno
567 1924 643 1992 978.)
1016 1918 1140 1975 Corneto
1155 1920 1191 1975 ad
1204 1919 1298 1991 ipsam
1312 1918 1483 1990 speluncam
1499 1917 1672 1992 porcariam.
1682 1917 1791 1975 Deinde
1806 1918 1842 1974 ad

1016 2006 1110 2080 ipsam
1128 2007 1420 2080 Ubordiolam,super
1434 2007 1528 2080 ipsam
1540 2006 1676 2064 Chartam
1691 2006 1842 2063 deducio·

1017 2096 1053 2165 le,
1071 2097 1175 2154 deindo
1190 2098 1269 2154 vadit
1292 2114 1343 2171 ρον
1367 2098 1462 2170 ipsam
1487 2112 1597 2153 serram
1613 2100 1690 2154 recto
1713 2095 1841 2167 aamie,

172 2183 352 2238 Bsasorcrus
382 2183 547 2259 episcopua,
580 2200 681 2239 servus
719 2200 869 2240 εοννονυνη
898 2185 959 2251 Dei,
1016 2186 1144 2257 pervenit
1159 2204 1246 2259 super
1261 2187 1370 2242 illatam
1386 2186 1421 2242 de
1435 2185 1631 2254 Frederice,et
1642 2184 1840 2241 descenditad

134 2271 236 2327 Fauna
264 2271 326 2326 viro
355 2271 522 2341 venarabili,
553 2273 688 2344 episeopo
721 2290 787 2328 vere
821 2273 960 2345 episcopii
1016 2275 1489 2346 ipsumvadumdeGo1·uoto,et
1513 2275 1555 2330 sie
1579 2274 1719 2331 vaditad
1744 2274 1839 2347 ipsam

133 2361 163 2418 S.
178 2361 397 2434 Petriapostoli,
408 2365 437 2417 et
452 2378 580 2434 pereum
594 2363 623 2418 in
639 2363 740 2418 codem
750 2363 885 2435 episeopo
896 2363 960 2434 ejus
1015 2365 1129 2421 vincam
1144 2363 1334 2421 Waldemari.
1352 2363 1462 2420 Deinde
1473 2364 1510 2420 ad
1525 2363 1620 2420 rivum
1643 2362 1840 2420 cordosdina-

133 2451 355 2507 successoribus
368 2451 397 2506 in
414 2456 599 2523 perpetuum.
1015 2452 1101 2521 rium,
1119 2454 1195 2510 sicut
1210 2458 1238 2510 et
1253 2454 1356 2509 Comes
1372 2452 1519 2508 Dorrellus
1535 2453 1713 2510 terminavit.
1730 2451 1839 2510 Deinde

169 2540 243 2596 Cam
259 2556 383 2596 summe
398 2539 563 2612 apostolica
579 2541 732 2613 dignitatis
757 2557 829 2613 apex
851 2543 881 2596 in
906 2541 960 2597 hoc
1014 2542 1184 2598 conscendit
1200 2559 1251 2615 ρον
1267 2543 1360 2598 rivum
1378 2540 1580 2609 Rubricatum,
1597 2547 1626 2597 et
1648 2541 1778 2614 pervenit
1801 2541 1838 2597 ad

132 2629 226 2685 divini
250 2632 421 2701 prospectas
447 2629 540 2685 nitore
564 2629 749 2700 dignoscitur
777 2629 957 2702 prcelulgera
1014 2631 1152 2686 lictorum
1168 2631 1276 2703 pariter
1289 2632 1393 2687 liscum
1408 2646 1475 2685 cuni
1492 2631 1586 2700 Artes,
1598 2630 1686 2686 sicuti
1701 2630 1838 2702 designa·

131 2735 200 2774 eum
225 2718 256 2773 io
277 2718 445 2774 exercendis
474 2717 525 2774 Dei
552 2716 690 2774 laudibus
719 2719 764 2774 sui
795 2718 959 2790 impensius
1014 2725 1077 2776 tum
1092 2725 1121 2776 et
1136 2721 1327 2776 terminatum
1344 2719 1418 2776 serie
1433 2718 1603 2792 agnoscitur
1615 2719 1645 2775 ia
1661 2718 1752 2791 regali
1775 2716 1837 2790 pri·

130 2806 264 2863 studebit
276 2804 385 2862 laboris
400 2805 529 2862 exhiberi
546 2810 705 2873 certamen,
721 2807 758 2863 ob
783 2808 837 2863 hoc
862 2807 959 2863 debila
1012 2809 1126 2883 vilegio,
1143 2809 1186 2865 vel
1202 2809 1288 2865 sie-uti
1306 2808 1501 2880 injudicatum
1516 2807 1648 2864 definivit
1667 2807 1697 2863 iu
1719 2805 1838 2881 publico

130 2893 960 2969 nosejusdemapostolicmpastoraliscompulitsollicitu·
1012 2898 1153 2972 Georgius
1174 2896 1543 2971 predecessorepiseopus‚
1556 2900 1586 2953 et
1609 2912 1676 2953 com
1699 2895 1838 2953 omnibus

129 2984 211 3041 dinis
226 3000 307 3055 eura,
323 3000 445 3056 queque
467 2984 504 3040 ad
529 2984 719 3040 stabilitatem
735 2985 880 3058 pertinere
895 2985 957 3057 pio·
1012 2989 1048 3043 ad
1065 2987 1309 3060 praedominatam
1319 2985 1499 3058 episcopium
1515 2986 1545 3041 S.
1558 2983 1634 3041 Petri
1649 2983 1774 3057 apostoli
1788 2999 1838 3058 ge-

129 3090 197 3130 rum
211 3072 396 3147 pignoseitur
420 3072 560 3140 locorum,
577 3074 704 3129 ubertim
729 3073 909 3147 promulgari
929 3078 959 3130 et
1012 3075 1148 3132 nereliter
1171 3082 1200 3132 ot
1224 3076 1253 3131 iu
1268 3074 1416 3149 integram
1432 3074 1657 3146 pertinentibus,
1668 3073 1713 3129 vel
1728 3073 1759 3129 iu
1772 3072 1839 3131 aliia

128 3161 295 3235 apostolica
311 3160 504 3217 institutionis
528 3178 652 3218 censura
675 3163 853 3218 confirmari.
869 3163 961 3236 Igitur
976 3160 997 3226 C
1016 3183 1191 3238 quacunque
1207 3165 1340 3238 partibus
1354 3164 1388 3219 ad
1406 3163 1504 3236 ipsum
1518 3162 1719 3236 episcopatum
1730 3161 1838 3235 ubique
1890 3176 1891 3181 ’

128 3251 200 3324 quia
212 3249 386 3322 postulastis
402 3267 419 3306 a
434 3250 518 3306 nobis
533 3250 717 3323 privilegium
729 3252 865 3323 desupra
880 3252 957 3308 dicto
1011 3255 1156 3327 pertinere
1184 3253 1375 3327 dignoscitur.
1393 3252 1478 3308 Fines
1505 3256 1604 3308 autem
1628 3251 1719 3308 totius
1744 3250 1838 3324 ipsius

128 3338 320 3413 episcopios.
332 3339 408 3395 Petri
423 3339 547 3418 apostoli
560 3340 599 3396 sit
614 3340 643 3394 ia
660 3340 722 3396 loco
738 3342 786 3413 qui
803 3341 884 3397 vicus
900 3346 956 3397 ter·
1011 3344 1149 3416 episcopii
1163 3343 1193 3398 hi
1210 3348 1279 3399 sunt
1294 3359 1301 3398 :
1318 3342 1358 3398 De
1375 3344 1455 3414 parte
1470 3340 1631 3398 occidentis
1652 3340 1682 3396 in
1704 3341 1778 3397 lines
1802 3342 1839 3397 de

127 3428 231 3485 ritorio
244 3430 416 3509 ausonense
431 3433 460 3484 et
483 3429 669 3486 Mcnraseuse
694 3429 873 3498 nominatur,
888 3447 956 3486 cum
1011 3433 1277 3506 Quovecintcuigio,
1291 3430 1334 3488 νοΙ
1351 3432 1386 3487 de
1400 3431 1545 3498 Cardono,
1558 3435 1586 3487 et
1602 3430 1637 3487 de
1658 3430 1836 3505 Bergomum

125 3516 273 3575 uniuersis
287 3515 419 3575 eeclesiis
434 3523 464 3574 et
478 3517 569 3586 cellis,
582 3517 873 3586 sivecastris,uuum
897 3520 957 3576 sci·
1011 3522 1046 3577 de
1070 3521 1149 3593 pario
1169 3521 1255 3577 Circii
1275 3520 1305 3576 in
1330 3519 1474 3588 llramala,
1486 3524 1516 3576 et
1539 3536 1632 3593 usque
1655 3520 1685 3575 in
1705 3524 1837 3576 montem

125 3606 195 3664 lieet
209 3611 331 3664 vocatur
345 3605 502 3675 Montebei,
515 3607 605 3663 alium
620 3623 747 3680 nomque
761 3609 865 3675 Teios,
887 3623 955 3662 oum
1011 3610 1172 3666 Surocham
1194 3608 1325 3681 pervenit
1348 3609 1384 3663 ad
1410 3608 1507 3680 ipsum
1524 3611 1642 3680 pratum
1657 3608 1694 3664 de
1712 3605 1836 3680 Campo·

123 3696 267 3754 omnibns
282 3695 392 3752 llnibus
407 3696 600 3768 terminisque
615 3713 770 3763 aerumma
785 3714 843 3753 une
853 3695 955 3753 videli-
1012 3698 1157 3766 llotando,
1174 3703 1202 3752 et
1216 3714 1267 3769 ρον
1283 3697 1347 3768 ipsa
1359 3713 1440 3751 serra
1454 3696 1530 3753 sicut
1544 3712 1636 3769 aquas
1652 3699 1777 3769 vergunt
1791 3710 1840 3752 us·

123 3791 172 3843 cet
183 3785 311 3842 termino
327 3784 450 3842 ducente
466 3801 517 3858 per
530 3784 684 3857 dqualata,
701 3788 729 3841 et
745 3785 849 3842 exinde
865 3791 957 3842 trans
1011 3802 1067 3858 que
1083 3786 1119 3841 ad
1135 3785 1238 3853 Gurni,
1253 3789 1281 3841 et
1295 3783 1400 3841 deinde
1415 3784 1451 3839 ad
1467 3788 1580 3856 petram
1593 3783 1721 3854 lavandi,
1731 3783 1838 3842 deiude

123 3879 216 3933 eunte
237 3874 275 3930 ad
297 3874 406 3931 vadum
432 3874 468 3931 de
491 3874 556 3947 ipsa
579 3875 730 3942 aiaraci
753 3890 805 3946 per
819 3875 956 3932 eumdem
1011 3874 1047 3931 od
1063 3874 1158 3947 ipsam
1170 3874 1298 3932 llooham
1316 3872 1351 3931 de
1366 3871 1473 3930 latione
1488 3871 1837 3933 etdeseenditinilamen

123 3963 290 4024 terminum
308 3968 466 4032 remeante,
482 3969 511 4020 ct
525 3968 601 4020 recte
617 3969 754 4038 pergente
769 3964 800 4018 iu
815 3963 890 4021 lines
905 3964 957 4036 qui
1012 3962 1123 4032 Teeeri,
1140 3968 1168 4020 et
1182 3962 1313 4035 pervenit
1327 3961 1364 4018 ad
1381 3961 1479 4034 ipsum
1500 3959 1711 4034 plantadizium
1727 3958 1778 4036 qul
1792 3965 1839 4023 est

124 4052 239 4111 dicitur
251 4051 351 4121 Jorbu,
366 4057 395 4111 et
410 4052 478 4110 iude
501 4053 531 4108 in
557 4052 630 4109 fines
654 4053 703 4125 qui
720 4052 863 4122 Clariana,
880 4056 909 4110 et
924 4070 958 4110 ex
1011 4053 1087 4109 inter
1098 4052 1253 4110 Geruuden
1264 4055 1292 4108 et
1302 4050 1444 4110 terminos
1453 4051 1489 4108 de
1500 4051 1659 4121 Ausoniaet
1667 4045 1839 4110 conscendit

126 4141 189 4210 alia
202 4146 285 4216 parte
299 4145 460 4199 transmeat
474 4159 491 4198 a
504 4141 648 4215 dqualala
664 4146 801 4216 pergente
817 4159 868 4215 per
885 4143 957 4199 dues
1012 4158 1063 4214 per
1078 4143 1172 4213 ipsam
1188 4155 1299 4197 serram
1316 4156 1409 4211 usqae
1431 4139 1460 4195 iu
1487 4138 1699 4212 Geruudiliam,
1715 4145 1744 4200 et
1758 4141 1838 4199 vadit

128 4229 312 4298 Clarmoate,
323 4235 351 4288 et
365 4248 418 4304 per
431 4231 505 4288 lines
520 4231 555 4287 de
568 4231 639 4287 Auri
665 4231 734 4304 pino
759 4232 883 4289 ducente
908 4248 959 4305 per
1013 4248 1063 4304 per
1079 4231 1172 4303 ipsam
1189 4229 1265 4285 aiam
1281 4246 1343 4301 qua
1359 4229 1436 4287 venit
1451 4228 1487 4286 ad
1504 4226 1724 4302 Dellampellam
1734 4234 1763 4289 et
1776 4247 1839 4302 pce

125 4320 208 4377 lines
223 4318 260 4376 de
273 4319 387 4377 Miralia
399 4320 523 4376 ducente
539 4336 632 4392 usque
647 4320 683 4375 ad
699 4320 840 4377 terminos
855 4320 890 4376 de
906 4321 957 4377 llo-
1012 4320 1091 4376 venit
1101 4320 1136 4375 ad
1153 4319 1312 4375 terminum
1328 4318 1377 4390 qui
1394 4322 1438 4378 est
1452 4318 1528 4375 iuter
1540 4318 1719 4377 loannetam
1730 4322 1759 4377 ot
1772 4317 1838 4390 ipsa

125 4408 220 4465 ehem
240 4409 299 4465 sivo
314 4407 417 4464 Villis:
433 4412 462 4465 et
476 4408 624 4465 casalibus
639 4408 811 4476 suis,viueis
822 4413 850 4466 ot
861 4409 957 4477 terris,
1012 4406 1118 4478 Electa,
1129 4411 1157 4464 et
1173 4407 1303 4479 pervenit
1315 4405 1345 4462 in
1362 4406 1436 4464 llnes
1450 4408 1486 4463 do
1500 4407 1652 4477 arbucias,
1660 4410 1689 4463 et
1705 4405 1838 4479 usquein

125 4496 216 4553 silvis
233 4497 438 4569 domibusque,
448 4514 586 4571 agrorum
605 4497 860 4569 puteis,l'outilius,
877 4497 957 4567 rivis,
972 4532 996 4596 D
1013 4496 1167 4553 cacumina
1191 4496 1267 4551 inter
1286 4496 1361 4553 duos
1385 4497 1495 4570 signos,
1512 4500 1541 4552 et
1564 4510 1658 4567 usque
1682 4495 1719 4550 ad
1743 4496 1837 4568 ipsam

123 4585 215 4661 agris
228 4586 395 4660 aquimolis,
404 4587 554 4642 montibus
568 4589 596 4642 et
607 4585 957 4659 planis,1nercalis‚teole
1011 4586 1116 4642 Calanae
1128 4602 1191 4657 ques
1213 4585 1322 4641 dieitur
1347 4586 1384 4641 ad
1408 4584 1583 4653 Arca-Mala,
1599 4588 1628 4640 et
1651 4583 1782 4656 pervenit
1801 4584 1838 4641 ad

123 4674 327 4745 neiaraficas,
338 4676 873 4749 menestas,pasquariaherbaticum,
883 4693 956 4747 prm-
1012 4676 1108 4748 ipsum
1126 4674 1229 4730 collem
1245 4674 1281 4730 de
1296 4673 1601 4747 Montenigro‚deinde
1618 4673 1646 4729 in
1659 4672 1753 4729 clvum
1764 4673 1838 4730 Gon·

119 4765 237 4824 eertim
252 4763 374 4821 ecclesia
389 4769 495 4820 sanctae
508 4764 604 4820 Maria
620 4764 676 4821 sila
692 4765 721 4819 iu
741 4764 856 4820 civitate
873 4765 956 4819 Man-
1011 4769 1142 4838 gustam,
1154 4768 1183 4819 ct
1197 4765 1275 4819 veuit
1292 4765 1327 4818 ad
1343 4762 1494 4819 castellum
1509 4762 1628 4831 Dertiui,
1639 4766 1669 4819 et
1683 4779 1776 4835 usqae
1792 4779 1839 4819 su·

119 4870 208 4923 resa,
219 4869 287 4909 eum
301 4853 440 4910 omuibus
451 4853 507 4909 sibi
519 4853 704 4926 pertinentiis
715 4852 758 4909 vel
773 4852 957 4925 adjacentiis,
1012 4871 1063 4926 per
1078 4852 1207 4909 Doebam
1222 4856 1249 4906 S.
1263 4853 1391 4920 Genesii,
1407 4855 1435 4908 et
1446 4851 1524 4907 venit
1541 4850 1577 4907 ad
1593 4854 1723 4907 meatem
1737 4853 1766 4909 S.
1784 4852 1839 4910 Sa-

119 4960 185 5004 seu
208 4942 346 5000 ecclesias
372 4961 435 5015 qum
460 4943 535 4999 intra
557 4959 607 4998 eas
631 4946 804 4998 constructe
830 4946 898 4998 sunt
915 4941 958 4998 vel
1012 4941 1174 5010 turnioi,et
1198 4941 1275 4996 venit
1299 4941 1335 4995 ad
1360 4943 1490 4997 mentem
1512 4938 1643 4998 cavum.
1660 4939 1772 5000 Deinde
1802 4943 1838 4999 ad

118 5031 335 5091 ecrstraeude
351 5047 415 5089 esse
430 5036 564 5104 possunt,
581 5030 670 5087 simul
695 5048 763 5087 cum
780 5031 957 5088 monasterie
1013 5035 1142 5087 montem
1159 5029 1320 5096 Scrratum,
1338 5028 1364 5084 el
1378 5027 1508 5100 pervenit
1523 5027 1559 5085 ad
1574 5032 1706 5088 montem
1721 5031 1773 5103 qui
1794 5035 1840 5089 est

119 5124 158 5182 S.
180 5121 477 5194 Benedicti,qaorum
493 5121 610 5178 termini
631 5121 667 5177 ab
690 5119 799 5177 arietata
814 5120 960 5192 incipiunt
1014 5120 1089 5176 inlra
1110 5122 1241 5176 castrum
1266 5115 1438 5184 Odulinum,
1459 5121 1488 5172 et
1510 5121 1641 5176 castrum
1666 5119 1794 5191 apiaria,
1811 5123 1840 5177 et

132 2039 230 2112 [Apud
243 2038 350 2095 Florea.
364 2040 472 2112 depone
481 2040 619 2112 scaradio,
632 2045 703 2096 tom.
716 2041 837 2108 XXVIII,
848 2058 875 2113 p.
886 2043 961 2111 25t.)

120 5225 228 5284 usque
247 5210 283 5266 ab
298 5210 362 5282 ipeo
378 5211 482 5269 dotare
499 5210 548 5282 qui
574 5209 760 5266 concluditur
783 5209 958 5265 terminibus
1013 5205 1462 5280 vaditpersummitutemipsius
1473 5222 1558 5264 serra
1570 5208 1837 5281 usqueadllumen,

117 5303 215 5359 Artes
231 5298 363 5371 ejusdcm
379 5297 517 5355 ecclesia.
535 5298 645 5354 Deinde
669 5298 749 5353 vadit
774 5312 825 5369 per
847 5314 959 5353 sarram
1013 5295 1840 5372 quemdicuntdnoliam,etvaditabipsellamineueque

118 5405 195 5465 quia
211 5387 330 5444 deducit
341 5387 481 5461 peripsas
492 5387 659 5445 alsinellias
670 5392 699 5442 et
710 5385 828 5459 attingit
839 5386 874 5440 ad
886 5387 959 5444 fines
1014 5387 1043 5443 in
1059 5383 1275 5457 Hispaniama
1291 5400 1325 5441 cx
1340 5383 1397 5442 alia
1412 5390 1494 5457 parte
1509 5385 1595 5444 sicuti
1610 5385 1675 5459 ejas
1686 5385 1840 5469 lluessunt

117 5476 282 5538 Salieatis.
298 5474 408 5533 Deinde
424 5493 512 5549 super
537 5477 634 5548 ipsum
661 5475 762 5548 poium
787 5473 911 5530 rubeum
931 5478 960 5530 et
1014 5478 1065 5532 aut
1081 5473 1117 5530 ab
1132 5472 1244 5545 origiue
1261 5472 1494 5543 luerunt,omnia
1505 5473 1583 5547 juris
1594 5473 1624 5531 S.
1637 5464 1841 5549 aemoniaeut

116 5566 264 5649 persenit
285 5581 375 5641 super
399 5565 500 5623 villum
526 5566 662 5623 Sclaveni
682 5569 711 5622 et
734 5565 858 5622 fratrum
883 5563 957 5640 ejus.
1014 5564 1072 5626 Deo
1088 5566 1206 5624 auctore
1220 5562 1412 5637 deservimus,
1426 5561 1560 5626 Ecclesia
1580 5563 1663 5624 vobis
1683 5565 1720 5626 ad
1735 5568 1842 5649 tenea,-⁴

314 5703 451 5769 Peraea.
474 5700 643 5767 cxxxvii.
1623 5700 1659 5765 fl
