3900 6090
68 267 147 329 {15³1
610 267 768 333 CARMEN
791 264 842 328 DE
864 264 1000 329 adsuta
1023 265 1191 331 OPPONIS
1213 268 1238 332 1.
1693 272 1772 334 ttae

67 400 162 457 Vertit
176 400 206 455 in
222 404 356 456 auctores
371 399 444 455 tanti
461 401 623 473 meritoque
639 399 744 473 piacli:
909 400 1009 470 ANee
1024 417 1116 469 mora,
1133 416 1290 472 percussus
1305 403 1392 474 pariit
1406 402 1512 474 gladiis
1528 403 1728 473 Evurhardus,

68 488 182 561 Quique
198 505 252 544 suo
267 486 389 559 laqueos
404 488 522 544 domino
538 489 656 544 tendere
667 488 823 561 malignos,
951 488 1136 545 Cislberhtus
1151 489 1233 545 suus
1249 489 1364 563 fugiens
1379 506 1496 563 quoque
1518 491 1661 566 mergitur
1674 494 1772 549 undis.

68 578 109 633 lix
124 576 198 650 ipsis
213 576 268 649 ipsi
285 577 416 648 primum
432 583 502 633 sunt
515 576 676 650 illaqueati.
949 577 986 632 At
1002 594 1050 632 rex
1066 577 1176 633 interea
1191 578 1283 633 nescit
1298 583 1356 633 tam
1374 579 1460 634 fortia
1474 579 1559 648 bolla,

104 667 167 722 Non
183 682 229 721 me
241 664 307 737 plus
322 665 402 722 licito
419 669 505 721 tantae
520 666 629 737 sophia
645 665 704 722 fore
720 667 753 701 ¹⁸⁹
764 667 856 737 jacto,
949 666 1055 723 Averso
1072 664 1174 737 quidni
1192 667 1247 738 (60)
1264 666 1393 722 residens
1409 667 1437 720 in
1454 666 1551 722 littore
1567 668 1648 737 Rani,

67 755 104 811 Ut
118 771 233 826 sperem
251 753 335 825 plene
351 754 447 809 verbis
463 755 574 809 edicere
592 755 624 789 ¹⁹⁰
639 771 735 827 posse,
951 755 1008 808 Noe
1024 760 1094 809 turre
1112 755 1210 809 auxilii
1227 755 1311 809 scivit
1325 756 1469 811 selatniua
1484 757 1568 824 tanti,

67 846 183 911 Quanta
198 841 335 915 graciolae
351 841 487 896 Christus
501 842 607 896 virtute
623 859 754 914 superna
950 843 1027 908 darn,
1044 843 1201 897 miserante
1217 843 1284 909 Dee,
1302 844 1399 898 subito
1413 860 1483 899 casu
1497 845 1551 899 sibi
1570 845 1670 901 missu.

68 931 182 1004 Saepius
198 930 277 986 hunc
294 931 391 1003 ipsum
406 948 502 1002 regom
521 931 607 1003 digne
622 930 806 986 benedictum
951 931 1081 1003 Denique
1098 932 1168 985 dunt
1183 948 1286 1003 pugna>
1302 931 1394 986 sunsit
1409 931 1580 987 discrimina
1593 938 1681 990 tantu

69 1019 148 1077 Fecit
163 1018 344 1090 multiplices
360 1019 473 1073 salvum
489 1008 664 1091 percurrere
673 1019 790 1074 fraudes
951 1019 1027 1074 llaut
1042 1020 1174 1091 gaudens
1187 1019 1374 1073 inimicorum
1391 1019 1426 1072 dc
1442 1023 1535 1073 rnorte
1552 1036 1684 1090 suorum,

68 1109 186 1164 Necnon
202 1106 326 1163 insidias
342 1106 442 1163 hostili
458 1111 539 1178 parte
555 1110 691 1179 paratas;
952 1108 1007 1164 Sed
1023 1106 1090 1180 plus
1105 1110 1254 1162 tantorum
1270 1124 1396 1161 moerens
1411 1108 1447 1162 de
1462 1108 1549 1162 corde
1563 1108 1703 1178 virorum,

68 1197 124 1254 Sed
139 1212 193 1251 noc
208 1195 263 1251 hoc
278 1195 391 1269 fragilis
407 1196 451 1252 fas
468 1212 532 1251 esse
547 1212 613 1251 reor
627 1195 759 1252 mulieris
952 1195 1085 1268 Sumpsit
1102 1213 1159 1251 non
1171 1195 1452 1265 modicum,Davidis
1463 1212 1543 1252 more
1554 1196 1774 1268 ¹⁹²,lumentum‚

69 1286 147 1342 luter
161 1283 285 1340 coenobii
302 1283 402 1356 posita
418 1289 530 1340 secreta
545 1285 648 1357 quieti,
951 1285 1005 1352 Qui
1021 1302 1109 1356 super
1123 1286 1252 1340 occisum
1268 1283 1361 1339 doluit
1371 1301 1468 1356 rogem
1484 1284 1530 1356 pie
1546 1285 1679 1342 Saulum.

67 1374 105 1431 Ut
119 1373 230 1430 bellum
245 1373 344 1442 dictet,
363 1375 439 1446 quod
455 1391 511 1429 non
528 1391 703 1446 cognoscere
720 1376 805 1430 debet
822 1389 828 1428 τ
987 1375 1038 1430 list
1052 1374 1101 1429 ubi
1117 1373 1240 1429 victores
1254 1372 1311 1428 tati
1327 1389 1440 1440 venere,
1456 1372 1589 1430 videntes

68 1463 134 1519 llaec
148 1462 344 1535 perlectorum
361 1467 432 1518 sunt
447 1464 646 1519 conservanda
662 1463 801 1520 virorum.
953 1462 1022 1519 llius
1037 1462 1111 1518 fusis
1122 1462 1237 1518 vultum
1254 1462 1384 1517 lacrimis
1398 1462 1605 1530 madefactum,

68 1549 248 1622 Principium
270 1551 348 1622 quod
373 1556 547 1607 cunctorum
566 1552 633 1607 finis
650 1569 766 1624 quoquc
781 1569 895 1625 regum,
953 1552 1027 1608 ltaut
1042 1555 1143 1623 aptum
1158 1556 1239 1606 tanto
1255 1550 1368 1607 luctum
1381 1551 1477 1606 dixere
1490 1551 1650 1623 triumpho,

68 1641 126 1696 lloe
142 1639 208 1695 dieo
221 1638 329 1707 solum,
345 1644 422 1696 reete
437 1641 514 1712 quod
532 1640 627 1696 dicere
641 1658 774 1713 possum.
952 1641 1007 1696 Sed
1025 1640 1105 1695 reddi
1119 1643 1217 1712 grates
1233 1640 1292 1712 regi
1308 1641 1413 1696 debere
1428 1641 1558 1712 perenni,

69 1724 174 1782 Sudori
190 1724 258 1797 quis
273 1725 304 1760 ¹⁹¹
320 1742 407 1797 posse
422 1726 503 1782 dedit
518 1718 662 1799 sapientia
677 1729 785 1784 mentis
911 1771 937 1837 B
952 1729 1006 1797 Qui
1021 1732 1092 1784 tune
1107 1727 1223 1800 impleri
1238 1729 1306 1784 feeit
1321 1728 1428 1800 pietate
1442 1727 1521 1785 fideli

69 1813 172 1872 Omnia
187 1814 359 1887 compositis
374 1815 523 1887 sapienter
536 1816 632 1872 dicere
646 1817 765 1872 verbis?
952 1817 1032 1885 Quod
1049 1821 1128 1888 patet
1143 1818 1172 1872 in
1188 1817 1260 1873 libro
1276 1817 1353 1889 regis
1370 1817 1513 1889 seriptum
1529 1817 1704 1890 Salomonis,

69 1903 124 1971 Qui
140 1902 221 1959 solus
235 1919 353 1975 semper
366 1903 434 1958 feeit
449 1904 583 1958 miranda
598 1909 740 1975 potenter.
952 1905 1092 1973 Dicentis,
1105 1907 1221 1976 justum
1238 1906 1274 1960 de
1289 1905 1412 1960 tristicia
1427 1905 1611 1962 liberandum

69 1992 184 2065 Quique
196 1991 286 2062 David
303 2008 400 2065 regem
416 1992 501 2048 toties
518 1992 553 2047 dc
567 1993 669 2048 fraude
684 1994 799 2049 fidelem
952 1993 1070 2050 Necnon
1085 1993 1230 2066 injustum
1246 2010 1297 2065 pro
1309 1994 1391 2065 justo
1407 2011 1474 2050 mox
1489 1995 1549 2049 foro
1561 1995 1692 2052 dandum
1708 1998 1776 2068 (61).

70 2079 205 2152 llripiens
217 2080 308 2149 Sauli,
325 2085 473 2153 sceptrum
489 2080 571 2153 regni
587 2081 668 2137 dedit
683 2082 750 2154 ipsi,
954 2081 1003 2137 llis
1018 2085 1146 2138 mentem
1163 2082 1239 2155 regis
1255 2082 1447 2137 demulcendo
1463 2082 1604 2151 suadelis,

69 2168 154 2225 llune
168 2168 279 2241 pariter
293 2185 391 2242 regem
407 2167 464 2241 (58)
480 2169 569 2224 David
594 2169 701 2242 pietate
725 2175 897 2243 sequentem
953 2170 1053 2243 Ipsum
1067 2170 1221 2226 tristiciam
1238 2175 1346 2243 cogunt
1361 2171 1505 2243 deponere
1520 2175 1644 2242 tantam,

70 2256 196 2313 Protexit
211 2257 247 2314 de
261 2256 390 2314 millenis
403 2274 530 2330 persepe
545 2257 673 2330 periclis.
952 2261 987 2315 Et
1002 2261 1075 2315 bene
1089 2259 1198 2314 victrici
1215 2261 1448 2333 congaudentem
1465 2259 1572 2332 legioni

71 2345 203 2418 Denique
217 2363 285 2402 cum
300 2346 390 2414 solus,
407 2364 553 2419 perpauco
569 2346 662 2404 milite
678 2353 790 2422 septus,
953 2350 989 2405 Se
1000 2352 1066 2422 post
1078 2347 1154 2403 bella
1168 2348 1231 2403 suis
1247 2347 1391 2403 blandum
1407 2349 1535 2420 prebere
1551 2349 1706 2407 ministris.

71 2435 158 2490 lisset
172 2435 209 2490 ab
224 2435 353 2491 adversis
369 2436 568 2492 circumdatus
581 2437 712 2510 undique
727 2438 844 2507 turmis,
952 2438 1005 2503 Qui
1022 2454 1090 2493 nam
1105 2435 1239 2492 laeticiam
1255 2436 1337 2492 vultu
1349 2441 1518 2493 monstrans
1532 2440 1724 2508 moderatam,

76 2523 198 2595 lnsupcr
213 2528 300 2596 atquo
315 2524 415 2597 lugam
430 2525 552 2598 propriae
577 2526 669 2597 partis
694 2526 770 2582 malo
791 2527 899 2582 factam
953 2528 1008 2584 Sed
1025 2526 1100 2582 elam
1117 2525 1288 2581 subtristem
1303 2543 1423 2581 servans
1439 2527 1468 2580 in
1483 2527 1568 2581 corde
1583 2527 1713 2584 dolorem

75 2610 193 2667 Pectore
209 2612 343 2669 moerenti
359 2614 448 2668 ferret
463 2613 647 2686 nimiumque
662 2614 784 2683 dolenti,
953 2616 1104 2672 Reddebat
1120 2619 1232 2687 gratres
1247 2614 1307 2669 imo
1323 2615 1358 2669 do
1373 2618 1489 2686 pectore
1503 2613 1629 2684 Christo,

73 2701 196 2758 Credere
211 2719 264 2758 neo
278 2703 380 2775 paucis
395 2720 459 2760 sese
473 2709 663 2775 presumeret
676 2702 759 2778 ipsis,
954 2703 1016 2759 Non
1032 2703 1151 2758 dederat
1166 2702 1292 2774 propriis
1308 2701 1406 2774 ipsum
1421 2701 1491 2774 quia
1504 2707 1575 2758 tune
1590 2702 1717 2761 inimicis

74 2789 161 2846 Illum
176 2790 226 2862 qui
243 2791 363 2864 reliquis
379 2809 437 2847 non
453 2793 607 2848 deseruere
623 2792 756 2865 relapsis,
954 2790 1094 2856 Praedam,
1112 2790 1163 2844 scd
1180 2790 1280 2844 dextra
1295 2789 1421 2862 protegit
1436 2789 1490 2845 rite
1506 2808 1642 2862 superna.

75 2879 131 2935 Sed
142 2884 223 2935 ratus
238 2884 364 2948 tantum,
379 2899 410 2937 se
425 2898 492 2937 mox
506 2882 632 2954 graviter
647 2882 822 2939 moriturum
837 2901 843 2938 :
954 2878 1050 2952 Ipsius
1065 2878 1184 2933 titulum
1200 2879 1275 2933 tanti
1291 2879 1463 2950 clarumque
1477 2879 1620 2952 triumphi

74 2968 161 3024 Otius
176 2967 276 3024 auxilii
292 2967 383 3025 fultus
398 2969 504 3024 virtute
520 2970 649 3042 superni,
954 2968 1016 3023 Non
1033 2967 1100 3032 sibi,
1116 2969 1167 3022 sed
1183 2966 1290 3023 Christi
1306 2967 1469 3040 designavit
1485 2969 1591 3040 pietate
1606 2971 1647 3025 ¹⁰⁸.

74 3056 197 3114 Miratur
211 3059 302 3114 turba
318 3059 420 3130 sejam
437 3077 576 3131 superare
590 3063 716 3115 eruenta
972 3056 1504 3129 (duilli.)llisitadigestis,modieum
1512 3058 1779 3131 tompusrcquicvit
1867 3070 1869 3075 ’

74 3147 183 3203 Tantas
199 3147 309 3220 absque
322 3166 382 3203 sua
399 3148 516 3203 fraudes
531 3147 700 3204 discrimino
715 3149 788 3204 vita.
912 3141 934 3209 C
953 3145 1052 3201 Civilis
1066 3145 1134 3200 belli
1151 3144 1277 3217 populus
1293 3145 1453 3201 luctamine
1465 3145 1573 3202 lassus.

73 3236 111 3291 nt
122 3234 148 3291 si
163 3235 236 3291 forte
252 3252 332 3304 suos,
349 3254 448 3309 pugna
463 3242 609 3293 crescente
625 3236 754 3305 sinislra,
954 3235 1009 3290 Sed
1026 3250 1077 3289 nee
1091 3235 1133 3290 sic
1148 3233 1253 3290 veteris
1268 3234 1356 3289 finem
1369 3235 1499 3307 sumpsit
1513 3234 1599 3292 dolus
1613 3236 1718 3305 hostis,

72 3322 190 3379 Audivit
204 3324 299 3380 socios
313 3324 401 3380 letali
417 3325 535 3381 vulnere
551 3326 645 3394 lesos,
953 3323 1007 3391 eui
1023 3340 1138 3395 semper
1152 3322 1269 3396 fragiles
1285 3327 1409 3394 temptat
1423 3328 1586 3396 pervertere
1601 3329 1723 3394 mentes,

73 3410 205 3468 Pradicti
221 3412 298 3486 regis
311 3412 469 3469 lacrimans
486 3431 553 3470 mox
567 3415 755 3482 utiturorsis,
953 3413 1021 3468 Post
1037 3413 1145 3468 factum
1161 3411 1275 3468 facinus
1286 3415 1414 3468 suadens
1429 3414 1627 3486 superaddere
1640 3416 1734 3486 pejus.

73 3500 141 3568 Qua
156 3517 274 3557 merens
290 3500 370 3566 dixit,
388 3502 466 3558 tristi
481 3519 548 3558 cum
561 3508 677 3576 pectore
692 3503 784 3559 sensit
954 3501 1056 3556 Fertur
1069 3505 1198 3573 percerte
1213 3501 1398 3572 quorundam
1415 3507 1532 3574 pectora
1549 3502 1583 3538 ¹0⁸
1598 3502 1655 3558 bilo

73 3588 184 3646 lctibus
199 3589 323 3662 angelici
339 3591 480 3663 populum
494 3591 584 3663 gladii
600 3592 763 3664 periturum
779 3608 786 3646 :
953 3589 1047 3645 'fanto
1062 3588 1192 3660 pestiferi
1205 3588 1323 3644 tandem
1336 3592 1489 3660 penetrare
1503 3592 1617 3660 veneni,

73 3697 88 3727 a
103 3677 156 3747 En,
174 3677 224 3749 qui
238 3679 364 3750 peceavi,
380 3680 463 3747 dixit,
478 3679 649 3751 facinusque
664 3678 761 3752 peregi
775 3680 843 3753 (59),
953 3676 990 3732 Ut
1005 3682 1129 3733 mortem
1145 3675 1206 3749 regi
1221 3673 1327 3731 vellent
1342 3676 1449 3732 inferre
1464 3676 1554 3746 fideli,

73 3764 147 3821 Hine
163 3781 216 3838 ego
229 3766 363 3823 vindicte
378 3767 487 3840 dignus
503 3785 569 3824 sum
584 3767 711 3840 denique
726 3769 832 3824 tantel
953 3766 1049 3838 ipsius
1062 3771 1091 3821 et
1105 3765 1223 3820 fratrem
1237 3762 1344 3836 populo
1361 3781 1528 3837 preponere
1544 3782 1660 3839 regem;

73 3852 108 3909 lli
123 3854 194 3925 quid
210 3854 340 3911 fecerunt
354 3855 497 3911 damnum
513 3857 562 3929 qui
578 3856 635 3912 tale
651 3855 803 3912 tulerunt?
953 3855 1011 3911 Noc
1026 3854 1151 3911 timuero
1166 3853 1243 3910 diem
1258 3852 1373 3926 paseha
1389 3853 1488 3926 (April.
1506 3856 1551 3923 18)
1563 3860 1699 3912 sanctum
1713 3873 1778 3913 ma-

73 3941 140 3998 Jsm
151 3960 239 4011 nunc,
247 3944 439 4013 Christe,tuis
448 3947 718 4017 parcensmiserere
727 3945 897 4019 redemptis,
953 3944 983 4000 Si
999 3948 1099 4016 posset
1113 3943 1175 3999 fieri
1191 3943 1256 3999 fuso
1271 3959 1339 3998 cum
1354 3942 1498 4015 sanguino
1509 3943 1595 4015 justi.
1656 3943 1777 4018 [calare

64 4030 115 4105 ‚Ne
130 4036 245 4103 premat
259 4031 390 4089 insontes
402 4035 485 4105 justo
498 4033 565 4106 plus
581 4034 623 4089 vis
638 4033 776 4089 inimicat
793 4055 808 4085 n
953 4033 1009 4089 Sed
1025 4050 1083 4088 non
1098 4030 1248 4087 consensit
1263 4030 1334 4086 tanti
1350 4031 1509 4087 commissa
1523 4032 1612 4105 piacli

73 4119 132 4175 llus
147 4119 239 4192 igitur
251 4120 387 4192 perculas
404 4121 548 4179 miserans
563 4123 662 4178 divina
675 4126 815 4195 potestas,
951 4123 1052 4195 Agnus
1067 4119 1223 4193 paschalis,
1240 4121 1289 4192 qui
1304 4137 1355 4192 pro
1371 4120 1456 4176 nobis
1469 4121 1649 4178 redimendis

73 4207 212 4265 Pamebat
227 4210 304 4284 regis
318 4210 406 4268 solita
421 4212 528 4284 pietate
543 4212 700 4279 ministris,
953 4211 989 4266 Se
1004 4209 1085 4266 dedit
1096 4208 1222 4264 electum
1239 4208 1315 4281 patri
1331 4208 1460 4265 moriens
1475 4208 1682 4267 holocaustum
1698 4230 1705 4281 ;

72 4297 107 4352 Et
121 4297 202 4353 dedit
215 4302 347 4370 optatum
364 4299 509 4356 miserans
523 4318 558 4356 ex
572 4301 655 4357 hoste
670 4300 866 4374 triumphum,
953 4299 1007 4355 Sed
1023 4316 1091 4353 mox
1105 4297 1260 4353 consilium
1275 4297 1390 4355 cunctis
1405 4298 1525 4354 nudavit
1540 4315 1653 4367 eorum,

71 4384 157 4441 Justo
173 4386 326 4458 predictos
340 4389 463 4445 comites
477 4389 610 4445 examine
625 4388 759 4461 perdens
952 4388 987 4444 Ε)
1002 4387 1044 4443 sic
1061 4386 1186 4443 insontis
1201 4386 1331 4441 salvatus
1345 4391 1409 4442 srot
1423 4388 1495 4443 bene
1511 4388 1632 4459 sanguis
1645 4405 1652 4456 ;

71 4473 138 4546 Ipso
153 4491 281 4547 namque
297 4476 354 4546 die,
371 4494 429 4549 quo
445 4477 559 4550 decepti
576 4494 667 4533 vacua
682 4494 743 4550 spe,
914 4512 938 4576 D
954 4476 1067 4548 Quique
1083 4475 1124 4531 rei
1140 4474 1240 4548 placiti
1257 4476 1289 4510 ¹⁹⁵
1306 4479 1375 4530 sunt
1389 4475 1498 4530 inventi
1513 4474 1661 4546 scelerosi,

71 4561 229 4634 speravere
244 4564 306 4621 suis
322 4566 584 4639 constringendum
600 4567 659 4622 fore
674 4567 778 4623 vinclis
954 4566 1007 4621 Pro
1024 4564 1142 4620 modulo
1158 4564 1249 4636 culpae
1264 4562 1358 4636 poenis
1374 4564 1552 4619 damnantur
1565 4564 1674 4620 amaris
1690 4581 1696 4620 :

71 4651 190 4725 Regem,
207 4654 258 4725 qui
274 4655 378 4711 merito
393 4657 489 4712 tenuit
504 4655 614 4729 rogalia
629 4661 755 4728 sceptra,
953 4654 1076 4722 Quidam
1088 4655 1202 4726 judicto
1216 4653 1318 4725 quidni
1335 4653 1443 4709 dantur
1459 4653 1492 4689 ¹⁹⁶
1507 4653 1634 4726 capitali,

70 4739 111 4795 Ex
127 4740 274 4813 inproviso
291 4761 398 4815 preses
413 4750 587 4817 proruperat
602 4744 674 4812 Udo,
952 4743 1076 4811 Quidam
1092 4743 1128 4799 de
1144 4743 1238 4814 patria
1252 4741 1337 4813 longe
1353 4740 1504 4814 pelluntur
1519 4743 1655 4798 amanda.

67 4827 248 4886 Adducendo
264 4832 382 4903 quidem
399 4832 524 4888 multam
540 4850 640 4890 seeum
656 4833 812 4907 legionem,
989 4831 1132 4887 Posthac
1150 4831 1289 4886 ilenricus
1303 4832 1393 4885 frater
1408 4831 1484 4903 regis
1499 4847 1669 4903 generosus,

19 4911 29 4928 ²
67 4918 109 4971 Ac
125 4915 216 4973 subiit
229 4918 359 4977 validum
374 4922 439 4976 forti
455 4921 613 4978 luctamine
629 4921 748 4978 bellurn.
951 4920 1058 4977 Christi
1074 4918 1196 4992 gratiola
1212 4924 1309 4974 taetus
1325 4920 1379 4974 sub
1395 4920 1480 4975 corde
1497 4925 1619 4988 secrete,

105 5004 187 5061 Vers.
203 5010 266 5064 285.
987 5010 1068 5065 Vers.
1084 5009 1147 5064 337.

748 5107 869 5165 VARlAE
887 5107 1097 5166 mustellus

104 5201 139 5238 ¹⁸⁰
153 5203 233 5260 ito2.
251 5204 366 5262 furtel.
415 5207 484 5264 190ν.
502 5224 548 5263 me
564 5225 588 5263 c.
603 5211 631 5263 2.
680 5207 710 5241 ¹⁰¹
728 5206 970 5280 Sudori.quis1.
1020 5204 1286 5272 ¹⁹¹ito2,meret.
1336 5205 1369 5239 ¹⁰⁵
1383 5207 1403 5259 i.
1421 5222 1444 5261 c.
1462 5204 1571 5277 pietati.
1610 5206 1696 5264 ¹⁹⁸ito
1712 5208 1737 5264 1.
1752 5215 1778 5264 et

66 5272 277 5346 Schunfledch.
299 5279 332 5314 ¹⁹⁵
347 5281 386 5335 ito
404 5280 414 5333 i
431 5279 497 5335 derce
509 5298 515 5346 ;
528 5280 554 5334 t.
572 5296 596 5335 e.
614 5283 642 5333 ct
658 5279 708 5351 qui
723 5278 831 5337 inventi
848 5283 919 5335 sunt
934 5277 974 5335 rei
989 5276 1088 5351 placiti
1105 5275 1253 5332 scelerosi.
1276 5276 1308 5310 ¹⁰⁶
1324 5277 1565 5332 condemnantur
1579 5280 1607 5333 2.

864 5375 982 5441 NOTAE.

105 5471 162 5540 (58)
176 5472 322 5529 Ottonem.
584 5509 589 5517 x
988 5473 1043 5546 (60)
1058 5474 1080 5528 f.
1097 5489 1122 5527 e.
1139 5471 1269 5544 quidem.

105 5543 163 5622 (59)
180 5544 205 5604 tt
220 5545 299 5607 Sam.
315 5563 391 5622 xxiv,
408 5549 451 5606 17.
989 5546 1043 5622 (61)
1057 5544 1138 5603 Prov.
1154 5560 1192 5618 x1,
1208 5545 1235 5602 e.
