3900 6090
127 268 190 333 325

721 269 921 337 EPISTDLAE
942 268 993 335 ΕΤ
1014 272 1250 337 Pulvtnnout.

1773 284 1832 346 ato

128 405 217 469 Petri,
234 410 263 461 ct
285 406 378 461 sancti
402 405 612 479 christophori,
635 408 786 480 sanctique
808 407 953 465 Germani.
971 409 996 474 Α
1013 407 1155 475 condiano
1167 410 1314 464 sincerum
1330 427 1483 467 assensum
1496 413 1832 488 praebentesapnstalica

128 511 244 549 necnon
260 494 354 551 sancti
371 496 632 569 Leodcgarii,quas
648 499 710 570 ipsc
730 497 885 570 praedictus
902 496 953 550 ab·

127 581 183 638 baa
199 583 352 640 abeodem
372 585 508 657 episcopo
533 585 746 658 impetraverat,
762 585 848 641 sicuti
872 587 955 638 ante·

126 686 261 727 cessores
276 673 342 743 ejus
354 672 390 728 ab
407 671 552 745 episcopis
569 673 661 745 ipsius
676 675 755 729 sedis
779 691 830 745 per
853 688 955 727 suc-ce-

126 759 228 816 dentia
244 764 376 832 tempora
390 761 532 817 ordinatis
548 762 650 818 secisse
667 768 837 830 nuscuntur,
853 765 885 815 ut
899 760 955 815 sub

125 849 351 906 confirmatione
361 852 451 905 nostri
461 845 955 923 privilegiicorroboraremusppuod

125 942 157 993 et
167 937 645 1007 lecimus,excomrnnnieantcs,ut
660 940 759 995 nullus
770 938 956 1010 Augustodu-

125 1026 954 1101 nensisEcclesireepiscupusaliquamcalumniamabbati

124 1115 261 1188 eiusdem
273 1114 326 1170 leci
339 1115 398 1172 sive
409 1117 561 1172 monachis
572 1118 608 1172 de
619 1119 690 1189 ipsis
702 1118 805 1172 inierat
814 1114 955 1182 ecclesiis,

124 1203 188 1260 sire
204 1205 239 1259 de
255 1204 388 1272 decimis,
400 1209 459 1260 tam
476 1205 538 1277 ipse
553 1223 642 1277 quam
658 1206 754 1278 aliquo
771 1206 878 1260 emissa
895 1220 956 1275 per-

125 1309 202 1349 sona
214 1292 309 1350 valeat
324 1293 456 1351 minuere
472 1299 523 1349 aut
538 1295 567 1348 in
584 1294 672 1350 aliam
692 1294 848 1350 transferre
871 1308 955 1365 paro·

124 1380 237 1438 chiam.
254 1381 367 1455 siquis
383 1399 451 1438 vero
467 1399 580 1456 regum,
591 1385 805 1455 episcoporum,
819 1382 955 1437 sacerde-

124 1474 204 1538 tum,
218 1470 369 1539 abbatum,
379 1471 527 1542 judicum,
544 1473 694 1539 comitum,
705 1477 756 1526 aut
771 1470 954 1527 saecularium

125 1576 332 1632 personarum,
342 1563 444 1615 contra
459 1560 533 1616 hauc
551 1565 654 1616 nostre
671 1559 863 1616 institutionis
874 1557 955 1631 pagi·

124 1665 197 1704 narn
206 1648 312 1727 yenire
326 1649 490 1715 tentaverit,
499 1666 656 1721 percussus
667 1646 826 1720 apostolico
839 1647 955 1703 anathe-

125 1744 217 1806 mate,
239 1738 391 1810 potestatis
420 1738 574 1793 honorisve
601 1739 650 1809 qni
679 1738 820 1809 dignitate
848 1741 944 1792 carcat

126 1841 270 1898 reumque
286 1844 315 1882 se
331 1843 428 1882 eoram
445 1826 542 1882 divino
555 1826 666 1896 judicie
683 1831 847 1898 cognoscat,
858 1832 885 1880 et
897 1826 952 1879 nisi

124 1932 159 1971 ea
173 1931 239 1986 quse
256 1933 273 1970 a
288 1933 318 1970 sc
334 1915 409 1972 mole
426 1920 489 1971 acta
505 1922 574 1971 sunt
589 1914 735 1984 deleverit,
753 1933 769 1968 a
789 1915 953 1970 saeratissi-

125 2021 174 2059 mo
190 2021 311 2077 corpore
323 2004 437 2060 Domini
454 2006 545 2060 nostri
564 2005 633 2060 Jesu
645 2005 751 2058 Christi
763 2003 874 2059 alienus
893 2006 952 2071 tiat,

124 2098 215 2166 atque
231 2099 338 2149 eterno
354 2093 479 2150 examini
496 2093 633 2148 districta
650 2092 769 2148 ultionis
792 2094 953 2162 subjaceat.

124 2182 249 2238 Cunctis
264 2189 361 2239 autem
379 2184 473 2238 eidem
486 2183 548 2239 loco
558 2184 644 2253 juxta
656 2183 840 2237 servantibus
852 2182 889 2235 sit
900 2200 955 2252 pax

124 2270 244 2327 Domini
261 2272 351 2327 nostri
368 2272 437 2327 iesu
449 2271 566 2337 Christi,
576 2277 721 2342 quatenus
731 2274 758 2324 et
770 2269 815 2323 bie
828 2272 953 2324 fructum

125 2361 211 2416 bonta
226 2361 350 2416 actionis
360 2360 632 2432 recipiant,etapud
644 2359 808 2414 districtum
820 2358 953 2414 iudicem

125 2449 248 2521 praemia
264 2456 377 2505 :eterna
395 2449 474 2521 pacis
488 2447 646 2503 inveniant.

162 2538 314 2610 Scriptum
330 2555 381 2610 per
392 2553 513 2593 manum
526 2537 664 2592 Bonifacii
683 2537 788 2592 notarii
800 2536 955 2608 regionarii

124 2630 217 2700 atque
232 2627 375 2683 scriniarii
392 2632 500 2683 sancta
516 2626 652 2682 Romana
663 2624 807 2680 Ecclesiae.
817 2624 922 2680 Datum
935 2642 955 2680 ιι

128 2715 211 2782 idus,
228 2733 327 2772 mense
343 2716 523 2782 Decembrio,
539 2730 726 2786 permenam
742 2713 864 2769 ioannis
878 2713 953 2784 epis-

124 2804 204 2877 copi,
220 2804 278 2860 Deo
293 2805 429 2878 propitio,
440 2804 602 2876 imperante
618 2804 725 2858 domno
745 2802 878 2873 piissimo
893 2806 953 2857 itu-

124 2898 213 2966 gusto
238 2893 341 2949 Ottonc
361 2912 379 2949 a
402 2895 459 2950 Deo
482 2896 620 2949 coronato
648 2907 756 2964 magno
779 2891 954 2963 imperatore

124 2998 204 3038 anno
218 2999 281 3050 vin,
295 2983 324 3037 in
341 2999 441 3039 mense
456 2981 626 3038 Deccmbrio
641 2984 670 3037 ct
685 2980 844 3037 indictione
861 2998 898 3034 rr.

510 3088 571 3145 Vll.

126 3194 275 3235 cutmen
289 3196 329 3234 Vll
345 3195 425 3235 9thAE
437 3195 528 3235 ouem
544 3194 598 3234 Poe
614 3194 745 3233 noctesta
758 3193 950 3233 SS.APOLle'11
968 3145 990 3212 C

355 3285 388 3324 Π
404 3284 529 3324 unsictru
549 3283 722 3323 canossam.

448 3374 541 3445 (anno
556 3372 632 3445 975.)

124 3480 322 3537 omanem
336 3481 455 3536 ecclesie
468 3484 555 3536 sancti
565 3480 704 3552 Apollonii
718 3488 743 3535 et
754 3483 952 3536 institutionem

156 3569 303 3626 emacim
326 3571 529 3636 canonicorum,
555 3569 596 3624 ilri
622 3571 723 3638 streton
751 3568 784 3624 ab
813 3568 951 3624 Artellrctte

155 3660 301 3714 comitem
317 3659 425 3714 metatio
441 3658 579 3714 Canusino
594 3657 779 3727 arapennem
795 3659 952 3728 petitionem

158 3746 294 3804 radaldi
307 3750 425 3814 comitis,
440 3748 498 3818 ejas
512 3748 577 3817 filii.

291 3835 456 3904 (Murator,
473 3836 563 3908 Antip.
580 3835 640 3890 itui.
657 3834 691 3903 V,
706 3836 781 3900 207.)

155 3943 338 3998 Dcsanrcrus
354 3941 518 4014 episeopus,
537 3958 638 3997 servus
650 3957 801 3996 serrorum
818 3941 878 3996 Dei.

154 4030 305 4086 Omnibus
312 4035 420 4086 sancte
431 4030 480 4085 Dei
491 4030 624 4085 Ecclesiae
634 4029 769 4085 fidelibus
779 4020 875 4103 pateat
883 4046 952 4100 qua-

132 4120 189 4174 iter
199 4119 369 4175 'leodaldus
380 4135 488 4185 comes,
502 4119 580 4173 itlius
590 4118 736 4175 adelberti
744 4120 807 4190 jem
824 4119 949 4184 comitis,

122 4206 227 4264 limina
253 4207 453 4280 apostolorum
478 4207 568 4279 digua
589 4207 740 4262 devotione
767 4207 900 4273 visitans,
917 4222 951 4261 ex

946 1781 953 1836 ἲ
970 1782 993 1846 Β

1009 496 1062 550 hee
1074 497 1257 569 priuilegium
1270 499 1441 555 auctoritate
1452 500 1586 556 fulcitum
1600 505 1623 558 ei
1637 507 1696 559 lieri
1705 507 1831 564 decrevi·

1009 599 1086 650 muS,
1104 590 1133 638 et
1154 589 1298 655 quotenus
1320 587 1483 641 seeundum
1509 590 1679 659 petitionem
1698 595 1832 664 ejusdem

1008 671 1148 727 'l'oudaldi
1165 673 1280 727 cernitis
1296 674 1399 746 suique
1416 677 1507 746 patris
1520 676 1733 737 iustitutionem
1746 690 1775 739 et
1785 688 1833 743 do

1009 761 1232 831 nationemjmn
1248 762 1327 816 ‹tteta
1350 763 1472 818 ecclisia
1497 784 1514 818 u
1540 767 1622 821 {retiis
1648 773 1834 832 corroborata

1009 849 1420 921 nartilisomuibus[tersistul.
1462 895 1468 906 .
1515 895 1521 907 .
1570 897 1576 908 .
1624 898 1630 910 .
1678 900 1685 912 .
1729 903 1735 914 ,
1777 906 1784 917 ,
1824 904 1835 925 ,

1259 939 1370 1010 liclipuu
1385 939 1584 996 desiderentur.

1045 1027 1193 1096 Scriptum
1211 1043 1261 1096 prr
1275 1045 1395 1080 nuumm
1408 1028 1547 1098 Stephani
1559 1034 1662 1087 notarii
1675 1038 1748 1091 sacri
1766 1042 1834 1095 scri-

1011 1115 1055 1167 nei
1071 1106 1177 1169 sade-u·
1191 1116 1326 1169 {lumento
1340 1115 1532 1172 lici-lesitr.....
1548 1119 1707 1177 indictione
1718 1133 1832 1197 quarta.

1045 1204 1150 1258 Datum
1167 1221 1195 1258 ιν
1210 1203 1353 1258 Kalendas
1368 1204 1499 1260 laninuii
1516 1224 1682 1278 promimus
1693 1213 1834 1291 Gnidupis

1009 1293 1136 1365 episcopi
1152 1297 1181 1347 et
1196 1291 1406 1347 bibliothecarii
1431 1299 1536 1349 sancta
1557 1297 1634 1352 sedis
1658 1303 1832 1374 apostoliae,

1010 1397 1087 1436 anno
1104 1381 1289 1452 pontificatus
1312 1381 1412 1436 domni
1433 1383 1576 1439 Benedicti
1594 1388 1772 1447 sanctissimi
1784 1393 1834 1450 Vll

1010 1486 1090 1542 popae
1102 1470 1241 1537 seeundo,
1258 1468 1371 1540 imperii
1383 1487 1449 1525 rere
1463 1471 1560 1527 domni
1578 1473 1692 1533 Ottonis
1707 1480 1814 1537 Tertio,

1382 1558 1456 1614 Vlll.

1045 1663 1191 1702 rancorem
1208 1663 1288 1701 ratris
1303 1663 1340 1701 vu
1357 1664 1542 1705 enirtcocrou
1556 1667 1609 1706 eno
1620 1670 1799 1714 ntouasrumo

1298 1754 1322 1791 s.
1341 1753 1541 1794 assumemus

1332 1853 1425 1919 (hune
1438 1853 1515 1920 sto.)

1009 1940 1164 1996 lliarrosterii
1179 1942 1207 1993 S.
1225 1941 1400 1994 ruent-em
1416 1940 1582 1997 Colanicrrcia
1605 1950 1786 2014 possessiones
1811 1959 1837 2006 ct

1043 2013 1188 2083 pririlcpiu
1207 2013 1372 2081 mirificaret:
1392 2034 1405 2059 a
1431 2011 1467 2065 tlh
1490 2030 1609 2068 {trituram
1625 2018 1797 2088 imperatoria
1811 2030 1837 2077 et

1043 2085 1199 2154 petitionem
1216 2084 1407 2152 imperatricis,
1426 2099 1474 2136 aer
1488 2100 1543 2138 nou
1555 2094 1580 2140 ct
1593 2097 1702 2159 prepter
1717 2091 1835 2148 'orentii-

1045 2163 1123 2208 tutem
1141 2155 1256 2208 Giuirini
1271 2154 1476 2224 orciuepiscopi,
1488 2177 1500 2202 a
1511 2159 1643 2227 permittit
1657 2168 1687 2214 ut
1701 2107 1835 2219 literatiu-

1010 2243 1061 2280 mo·
1076 2226 1157 2280 atrias
1173 2224 1317 2280 ‹lutnmtiro
1332 2234 1357 2279 ct
1371 2225 1505 2280 seratum
1522 2236 1624 2283 ututur.

1009 2341 1193 2408 (llurtwciu,
1204 2341 1332 2395 Sulaidiu
1346 2339 1530 2412 diplmmrticu,
1544 2344 1739 2419 lleidelborgtc
1753 2351 1834 2418 1781,
1879 2315 1886 2329 ·

1342 2459 1371 2508 8·
1386 2455 1433 2523 lV,
1447 2457 1492 2512 29.

1045 2544 1185 2598 Convenit
1201 2543 1358 2615 ciprestolico
1372 2461 1638 2609 moderaininietc.
1653 2551 1765 2625 ltclipuo
1776 2554 1836 2612 ride

1008 2632 1081 2704 upttd
1097 2633 1239 2688 lectitatum
1252 2641 1398 2688 (uictorem.

1027 2853 1173 2892 nexantem
1195 2854 1274 2892 PAPAE
1294 2854 1333 2892 ΠΙ
1353 2855 1540 2895 rmvtnnottttt
1562 2858 1617 2896 PRO
1637 2860 1816 2902 monumento

1341 2943 1499 2983 casinensi.

1327 3045 1420 3111 (Anno
1440 3044 1516 3112 977.)

1179 3131 1317 3203 (Gottula,
1333 3132 1401 3186 ilict.
1418 3131 1522 3199 Casio,
1539 3150 1567 3206 p.
1584 3136 1660 3203 840.)

1041 3229 1220 3284 Benemcrus
1233 3229 1509 3301 episcopusservus
1520 3247 1670 3288 serrorum
1687 3233 1748 3303 Dei,
1764 3235 1832 3293 cha·

1006 3316 1123 3372 rissimo
1139 3317 1167 3371 in
1178 3317 1301 3373 Domino
1313 3318 1382 3374 Jesu
1395 3318 1509 3374 Christo
1522 3319 1580 3375 lilio
1591 3322 1736 3378 Anconae
1747 3341 1832 3381 vene-

1006 3405 1090 3461 rabili
1115 3412 1143 3461 et
1165 3406 1300 3478 religioso
1322 3407 1421 3462 abbati
1447 3409 1638 3465 sacratissimi
1664 3413 1832 3469 monasterii

1007 3495 1083 3551 beati
1099 3495 1246 3550 Benedicti
1271 3496 1449 3551 contessoris
1469 3496 1586 3566 Christi,
1608 3499 1664 3555 sibi
1688 3517 1717 3554 in
1735 3506 1832 3558 monte

1006 3583 1123 3651 Casino,
1138 3589 1166 3639 et
1181 3600 1232 3655 per
1246 3589 1273 3639 te
1298 3584 1326 3637 in
1351 3585 1453 3640 eodem
1468 3586 1627 3642 venerabili
1644 3590 1831 3659 monasterio,

1005 3673 1048 3728 vel
1065 3678 1175 3727 currctae
1191 3673 1255 3742 ejus
1271 3672 1486 3745 congregationi
1498 3674 1527 3728 in
1544 3680 1727 3746 perpetuum.

1041 3761 1185 3827 Quoniam
1201 3776 1317 3831 sempor
1331 3767 1400 3816 sunt
1420 3763 1606 3818 concedenda
1621 3780 1684 3834 quc
1702 3766 1830 3821 rationa-

1005 3848 1083 3905 libus
1103 3854 1269 3921 conpruuut
1288 3849 1450 3913 desideriis,
1469 3855 1582 3921 oportet
1607 3855 1640 3906 ut
1664 3853 1776 3910 dtrvetio
1801 3854 1831 3910 in

1006 3955 1052 3993 me
1064 3938 1196 4010 petitoris
1208 3936 1507 4009 humiliteracquisita
1518 3940 1546 3994 in
1559 3940 1717 4013 privilegiis
1727 3959 1831 3999 conce·

1006 4028 1110 4082 dandis
1125 4026 1244 4081 minime
1260 4027 1419 4098 denegetur
1434 4044 1450 4081 a
1465 4028 1738 4086 nostraelcmentia.
1751 4032 1831 4105 Legi-

1005 4120 1054 4170 tur
1078 4115 1147 4187 quia
1171 4115 1284 4186 petistis
1305 4134 1321 4170 a
1344 4116 1428 4170 nobis
1452 4122 1597 4188 quatenus
1619 4122 1830 4177 monasterium

1006 4204 1080 4259 beati
1098 4204 1245 4259 Denedicti
1261 4205 1436 4260 confessoris
1461 4205 1529 4262 Jesu
1552 4206 1659 4263 Christi
1685 4210 1774 4265 situm
1799 4211 1829 4265 in

121 4302 202 4368 parte
217 4297 264 4352 sui
276 4296 370 4369 patris
380 4296 553 4368 hujusmodi
569 4313 585 4350 a
602 4301 701 4350 nostra
716 4294 874 4367 apostolica
886 4311 951 4349 auc·
1001 4293 1064 4363 jam
1083 4293 1159 4347 dicto
1175 4291 1272 4347 Monte
1287 4293 1401 4360 Casina,
1415 4297 1501 4364 atque
1518 4297 1728 4352 monasterium
1740 4297 1829 4352 beata

121 4385 237 4442 [oritate
254 4385 348 4459 petiit,
365 4391 398 4440 ut
411 4384 564 4440 ecelesiam
581 4384 765 4440 inhonorem
782 4389 950 4439 sanctorum

120 4476 323 4530 confessorum
339 4473 551 4546 Dei,Apollenii
567 4471 854 4541 videlieet,Ursicini,
864 4477 950 4544 atquo
965 4515 988 4581 D

1005 4379 1261 4447 Scholastirte,seu
1276 4387 1305 4437 ot
1321 4383 1533 4437 monasterium
1545 4383 1660 4439 Domini
1672 4384 1828 4440 Salvatoris

1005 4471 1060 4524 sub
1077 4470 1194 4540 praelato
1210 4475 1307 4525 niente
1330 4472 1500 4540 consecrati,
1518 4488 1628 4528 necnon
1654 4478 1682 4527 ct
1705 4477 1829 4544 quatuor

122 4561 296 4631 llusticiaui,
306 4567 468 4618 mortxrnm
483 4578 599 4634 queque
610 4560 951 4629 Maurieii,hlcxandrict
1004 4559 1182 4614 urenasterio
1197 4557 1371 4630 puellarum,
1382 4575 1474 4614 unum
1489 4564 1596 4615 sanctae
1608 4560 1704 4617 illaria
1720 4561 1749 4616 in
1765 4562 1827 4619 loco

120 4648 246 4707 Victoris
261 4654 568 4722 consecratam,quanr
584 4650 648 4722 ipso
663 4648 836 4705 adelbertus
847 4649 876 4703 in
887 4644 949 4704 suia

122 4739 247 4812 propriis
262 4740 359 4807 rebus,
371 4737 493 4794 videlice
522 4740 551 4793 in
569 4754 640 4810 rupe
657 4754 720 4809 quae
731 4736 950 4793 Canusiovoeo-

121 4832 176 4896 tar,
192 4829 231 4884 ab
247 4828 316 4884 imis
331 4827 530 4884 fundamentis
546 4828 758 4891 construxerat,
775 4829 803 4880 et
817 4825 854 4880 ad
874 4824 948 4880 divi-

123 4934 190 4974 num
205 4916 321 4973 cultum
331 4917 413 4972 vario
424 4916 519 4987 specie
533 4913 948 4985 dedicaverat,eidemqneDeo

121 5011 147 5062 et
159 5006 274 5063 sanctis
289 5003 397 5061 obtulit
412 5003 602 5076 proprietario
614 5004 681 5074 jure
697 5003 793 5057 omnis
811 5002 947 5057 territorii

120 5095 178 5152 circ
187 5095 293 5169 predii
304 5095 350 5150 sui
363 5094 508 5150 decimam
519 5093 555 5150 ad
568 5108 656 5148 usum
667 5090 783 5146 fruendi
794 5090 947 5146 duodecim

120 5185 338 5250 canonicorum,
349 5183 399 5256 qui
414 5182 523 5239 ibidem
534 5198 586 5254 pro
598 5179 705 5237 tuturis
720 5179 901 5251 temporibus
911 5180 947 5235 ab

120 5273 191 5346 ipso,
199 5289 255 5330 seu
266 5290 284 5328 a
294 5271 362 5329 liliis
376 5271 447 5340 suis,
456 5271 612 5343 nepotibus
620 5287 654 5326 ae
665 5267 874 5345 pronepotibus
886 5267 947 5324 suis

119 5363 244 5419 ordinati
260 5361 380 5430 luerim,
397 5359 558 5433 apostolico
572 5358 666 5416 nostri
687 5354 830 5429 privilegii
848 5360 947 5412 aucto-

118 5451 203 5509 ritate
225 5451 402 5508 confirmare
425 5466 457 5506 ac
482 5449 617 5506 roborare
641 5448 839 5521 dignaremur.
857 5444 947 5516 Cujus

116 5540 208 5619 igitur
223 5540 335 5600 devote
349 5540 485 5616 petitioni
502 5542 675 5609 annuentes,
688 5542 715 5597 et
738 5536 814 5595 bono
838 5538 903 5593 roto
919 5538 948 5596 ct

1004 4647 1053 4720 qui
1084 4647 1279 4703 Plumbariola
1307 4648 1532 4717 vocatur,aliud
1562 4649 1695 4719 ejusdem
1721 4655 1827 4707 sancte

1004 4736 1101 4791 Maria
1118 4736 1145 4790 in
1164 4736 1226 4792 loco
1241 4738 1289 4808 qui
1311 4737 1412 4809 Ciugla
1436 4736 1553 4805 dieitur,
1565 4742 1593 4792 et
1616 4740 1826 4794 monasterium

1004 4830 1110 4880 sancte
1121 4826 1245 4896 Sophite,
1262 4830 1462 4882 constructum
1476 4826 1551 4880 inira
1566 4827 1709 4883 civitatem
1735 4828 1827 4884 Dene-

1003 4920 1169 4981 ventanam,
1184 4916 1253 4969 item
1265 4919 1293 4969 ct
1308 4913 1520 4970 monasterium
1545 4920 1652 4970 sancte
1678 4915 1774 4972 Marias
1796 4916 1826 4972 in

1003 5001 1117 5057 civitate
1133 5002 1269 5058 Cosentia
1283 5004 1495 5068 consecratum,
1512 5006 1540 5056 ct
1556 5002 1644 5058 simul
1659 5004 1747 5060 etiam
1764 5021 1825 5061 mo-

1003 5090 1164 5145 nasterium
1180 5091 1272 5146 sancti
1284 5089 1430 5147 Benedicti
1454 5089 1530 5145 intra
1543 5091 1687 5148 civitatem
1712 5093 1827 5166 Capua-

1003 5196 1081 5246 num,
1099 5185 1236 5250 praeterea
1260 5184 1289 5235 et
1314 5177 1525 5234 monasterium
1553 5179 1728 5252 puellarum,
1748 5184 1825 5254 quod

1002 5272 1121 5323 vocatur
1131 5268 1224 5323 saneti
1236 5267 1358 5322 loannis
1367 5267 1396 5321 in
1405 5266 1521 5323 civitate
1528 5269 1592 5339 jam
1604 5270 1680 5326 dicta
1688 5269 1826 5342 Capuana

1002 5362 1216 5424 consecratum,
1233 5361 1261 5411 ct
1276 5356 1364 5411 simul
1379 5355 1467 5411 etiam
1483 5356 1611 5414 ecclesie
1634 5375 1685 5431 per
1708 5358 1825 5432 singule

1002 5444 1065 5502 loca
1080 5450 1263 5513 constructa,
1271 5445 1417 5517 predictis
1432 5447 1619 5513 monasteriis
1636 5448 1823 5519 pertinentes.

1001 5533 1159 5610 privilegiis
1176 5533 1340 5611 apostolice
1365 5534 1442 5594 sedis
1468 5534 1569 5594 intulis
1593 5536 1777 5613 decorentur,
1792 5542 1825 5599 ut
