3900 6090
130 272 173 348 tt
677 270 883 346 sacratior
901 268 1082 343 horicus
1103 278 1134 342 s.
1158 267 1283 344 clam.
1742 242 1747 249 ’
1791 267 1837 348 tt

133 413 214 493 quod
226 418 254 474 vi
270 416 332 476 llal.
344 417 464 477 Martias
474 417 689 493 pronuntietur,
701 421 838 490 totusque
849 416 897 473 ille
908 433 957 472 an·
970 417 996 484 A
1011 414 1118 471 lustrat
1131 398 1383 488 hemispherium
1400 413 1476 472 sicut
1490 413 1563 471 illud
1579 414 1688 473 animal
1704 418 1763 474 toto
1777 418 1832 473 hoc

133 525 190 567 nus
205 508 363 565 bissextilis
375 509 548 583 appellatur,
560 511 697 565 constans
712 523 827 562 mccxvr
838 506 952 563 diebus.
1008 508 1139 578 tempore
1155 505 1255 560 dextro
1265 504 1348 561 lateri
1363 505 1457 561 fertur
1467 505 1623 574 incubare;
1635 506 1833 580 nam‘reliqua

133 597 188 667 Oui
203 598 266 655 dies
281 598 306 654 si
322 597 496 672 negligatur,
512 597 623 654 eveniet
647 600 713 669 post
737 594 848 668 aliquot
862 600 955 652 annos
1009 592 1078 650 anni
1095 594 1250 650 medietate
1264 596 1293 651 et
1307 592 1350 650 sol
1363 592 1517 650 sinistrum
1537 594 1681 651 ambitum
1708 597 1831 671 peragit,

134 690 168 744 ut
182 686 278 744 bieme
294 687 394 756 aestivi,
411 691 440 743 et
454 691 555 744 centra
578 689 676 741 astate
699 684 815 741 hiberni
839 701 955 740 menses
1009 686 1037 738 ot
1052 682 1127 740 aries
1142 700 1231 757 super
1246 682 1404 740 sinistrum
1420 683 1497 740 latus
1511 683 1664 740 incumbit.

133 776 378 835 occurrantNam
389 792 440 849 per
452 777 792 832 cccmrvannostantum
803 772 955 831 calculatio
1045 769 1175 829 'laurum
1191 770 1227 829 ob
1244 770 1274 829 id
1290 789 1356 829 reor
1368 762 1434 829 illos
1453 773 1580 829 seeundo
1603 773 1666 830 loco
1687 776 1831 848 posuisse,

133 866 310 942 regradabit,
320 868 353 922 ut
367 864 397 921 in
413 865 550 923 Kalendis
564 865 804 938 aequinoctiorum
821 864 954 931 solstitia,
988 913 995 921 .
1010 862 1088 935 quod
1098 862 1159 918 sole
1174 861 1240 919 illas
1251 866 1350 935 partes
1366 862 1491 919 adeunte
1501 862 1589 918 boum
1605 862 1766 932 labores,id
1778 873 1831 935 cst,

133 960 163 1014 et
176 971 191 1012 e
206 958 308 1013 contra
322 956 352 1011 in
367 955 560 1012 solstitiorum
576 953 711 1011 eveniant
730 952 912 1026 equinoctia,
927 954 954 1008 id
1010 953 1122 1023 segetes
1136 952 1170 1006 ad
1188 950 1387 1007 maturitatem
1400 951 1534 1019 tendunt,
1551 954 1580 1006 et
1603 951 1632 1006 in
1652 953 1831 1023 quibusdam

134 1049 189 1116 est,
206 1061 273 1103 cum
288 1063 328 1102 rm
348 1045 411 1102 llal.
435 1044 526 1118 llpril,
544 1042 787 1119 pronuntiaveris,
804 1049 832 1099 et
855 1043 957 1098 debeat
1010 1039 1232 1098 ferventioribus
1246 1040 1332 1096 terris
1346 1040 1435 1097 etiam
1452 1042 1614 1096 metuntur.

134 1151 199 1193 esse
213 1134 420 1208 aequinoctium
433 1134 559 1203 vernale,
569 1138 708 1207 appareat
722 1131 879 1189 solstitium
891 1133 956 1188 bru·
1046 1130 1140 1202 Super
1154 1128 1342 1186 Geminorum
1358 1128 1515 1201 allegorica
1528 1127 1743 1201 significatione
1760 1133 1832 1189 nihil

135 1223 221 1294 male,
238 1224 316 1297 quod
331 1228 376 1281 est
388 1242 428 1280 xn
444 1223 505 1280 lial.
521 1222 664 1280 ianuarii.
680 1222 812 1294 Cumque
826 1239 956 1295 pronun·
1011 1217 1106 1273 adbuc
1121 1215 1245 1290 reperire
1261 1216 1352 1289 potui,
1369 1217 1426 1272 nisi
1443 1233 1557 1290 parum,
1580 1219 1657 1288 quod
1682 1223 1781 1278 tamen
1807 1229 1835 1279 ct

134 1313 253 1372 tiaveris
266 1331 306 1371 xn
321 1310 383 1370 Kal.
399 1312 564 1386 Julii,quod
580 1316 624 1369 est
639 1310 798 1368 solstitium
812 1312 955 1380 aestivum,
1009 1304 1108 1378 ipsum
1130 1305 1208 1361 haud
1224 1305 1352 1361 multum
1367 1324 1394 1376 ⁴a
1412 1305 1545 1362 sabuloso
1562 1305 1672 1361 recedit
1682 1308 1832 1383 figmento.

136 1407 271 1462 occurrat
285 1402 493 1477 aequinoctium
508 1402 633 1471 vernale,
646 1402 722 1475 quod
740 1417 803 1457 esse
818 1401 904 1457 dehet
917 1419 956 1457 xu
1011 1394 1114 1451 Fertur
1128 1394 1158 1451 in
1173 1394 1223 1450 illo
1233 1410 1360 1469 namque
1376 1393 1556 1452 mittholoico
1566 1392 1789 1467 (sic)simulacr0
1801 1418 1835 1458 ex

135 1490 199 1552 Kal.
214 1492 305 1567 April.
321 1488 428 1565 Sicque
442 1491 472 1549 in
488 1490 599 1548 caeteris
613 1490 725 1548 eveniet
748 1490 817 1547 anni
841 1491 955 1546 diebus.
1011 1482 1058 1540 hie
1068 1483 1291 1557 Gemiuie,quos
1303 1483 1452 1541 Castorem
1462 1488 1570 1542 vocant
1583 1485 1834 1559 atquePollucem,

135 1583 178 1640 hd
194 1583 274 1640 hunc
285 1581 452 1639 evitandum
467 1595 594 1638 errorem
605 1579 764 1638 bissextilis
776 1580 838 1637 dies
853 1585 957 1654 quarto
1010 1571 1134 1630 alterum
1150 1572 1493 1643 immortalem‚elterum
1512 1573 1603 1631 luisse
1618 1577 1720 1631 natam
1731 1582 1837 1634 morta-

136 1686 252 1745 semper
265 1688 342 1728 anno
356 1670 555 1728 intercalatur.
571 1671 630 1727 lloc
643 1669 731 1726 veluti
747 1671 875 1741 quodam
890 1668 956 1725 lun·
1010 1662 1079 1719 lem·
1096 1662 1192 1719 Sedis
1207 1662 1259 1736 qui
1272 1662 1405 1720 mortalis
1421 1662 1580 1732 exstiterat,
1597 1679 1657 1719 sues
1672 1664 1775 1724 mortis
1790 1669 1838 1724 ob

136 1764 274 1819 damento
294 1761 536 1818 inveniendorum
560 1758 745 1832 sequentium
770 1762 957 1832 argumente·
1010 1753 1091 1825 iectu
1107 1751 1188 1808 fratri
1206 1751 1455 1808 immortalitatem
1471 1751 1643 1824 acquisisse,
1660 1752 1688 1809 id
1713 1757 1836 1828 quod'iu

136 1868 203 1908 rum
218 1850 382 1924 prelocato,
399 1850 435 1905 ad
449 1848 515 1922 ipsa
525 1849 588 1922 jam
604 1847 784 1921 explicanda,
800 1864 864 1920 qum
888 1847 957 1904 hinc
1013 1838 1086 1914 ipsis
1111 1840 1234 1913 probare
1258 1840 1393 1897 nituntur
1416 1838 1519 1910 stellis,
1541 1842 1619 1913 quod
1644 1858 1702 1899 uno
1726 1844 1836 1903 oriente

137 1935 343 2008 conficiuntur,
354 1939 529 1995 accedamus
545 1940 728 2012 arguments,
1015 1927 1089 1985 alter
1108 1928 1224 1986 occidit
1241 1929 1300 1986 lloe
1326 1945 1443 2002 quoque
1458 1929 1512 1987 soli
1527 1929 1570 1986 sic
1594 1934 1742 2004 coaptant,
1757 1938 1835 2007 quod

463 2018 580 2075 CAPUT
600 2018 634 2074 ll.
698 2091 715 2102 ..
848 2092 852 2103 ¹
920 2092 936 2102 ..
1016 2034 1094 2074 unus
1110 2018 1246 2090 idemque
1261 2019 1348 2075 modo
1360 2017 1390 2074 in
1406 2035 1465 2075 una
1480 2019 1584 2076 mundi
1600 2021 1766 2093 descendat,
1778 2041 1838 2083 mo·

137 2095 258 2170 militia
271 2093 414 2164 istum
428 2092 508 2159 ΝΜ
518 2098 545 2147 03
557 2090 590 2148 αθ
603 2090 728 2147 Milli
741 2097 769 2148 θ’
780 2098 959 2163 oeqacncctua.
1015 2107 1052 2162 do
1067 2105 1097 2163 iu
1114 2123 1261 2164 summam
1274 2111 1408 2181 resurgat
1422 2104 1618 2165 altitudlnem.

174 2193 233 2250 S⁰d
248 2190 319 2265 quia
342 2188 475 2258 mdihub
492 2187 522 2247 id
547 2193 592 2244 θθῑ
615 2186 764 2245 similibus
788 2188 890 2257 nostri,
906 2189 961 2245 110⁰
1050 2194 1153 2252 Cancri
1170 2194 1344 2269 significatio
1353 2196 1384 2253 in
1400 2197 1554 2271 propatulo
1569 2202 1708 2272 estquod
1723 2201 1835 2262 sicutid

140 2282 315 2359 opusculum
332 2278 437 2337 cudere
453 2277 647 2347 instituimus,
663 2294 721 2335 non
744 2277 960 2336 infructuosum
1016 2299 1109 2359 genus
1125 2285 1504 2362 animalisvaraisvestigiis
1519 2288 1772 2361 retroineedit,ita
1781 2294 1834 2362 sol,

138 2373 254 2432 videtur
261 2371 297 2429 de
307 2369 419 2428 ratione
426 2369 589 2444 signorum,
599 2371 742 2440 quantum
753 2367 963 2442 ingeniolincs-
1016 2390 1083 2432 oum
1095 2375 1130 2431 ad
1146 2374 1201 2432 hoc
1212 2375 1331 2449 signum
1346 2377 1466 2447 venerit,
1478 2376 1556 2436 ultra
1565 2380 1705 2437 scandere
1722 2398 1779 2438 nou
1788 2400 1836 2440 va·

138 2462 178 2523 tat
199 2460 346 2537 capacitas
370 2475 406 2516 er
427 2459 574 2532 majorum
599 2457 685 2514 dictis
709 2456 833 2516 retinere
856 2458 960 2531 potuit,
1016 2463 1079 2521 lens
1094 2464 1232 2522 inseriora
1243 2465 1356 2538 repetit,
1368 2465 1512 2524 celebrato
1522 2466 1553 2524 in
1564 2471 1668 2540 quarta
1682 2469 1747 2541 eius
1757 2478 1838 2546 parte

139 2570 237 2630 pauca
252 2550 457 2626 perstringere.
473 2549 513 2604 Ac
527 2547 623 2621 prime
647 2545 799 2603 sciendum
813 2544 864 2610 illa
877 2545 962 2621 signa
1016 2552 1151 2621 solstitio,
1168 2553 1196 2608 id
1221 2557 1266 2610 est
1293 2571 1333 2611 an
1357 2555 1421 2611 Kal.
1437 2553 1519 2624 tulii,
1540 2557 1617 2612 unde
1642 2556 1720 2615 idem
1745 2565 1836 2619 ortus.

140 2640 214 2703 nihil
230 2640 386 2700 aliudesse
399 2654 489 2713 quam
500 2634 801 2710 coelieertaapatiaex
811 2634 962 2693 stellarum
1016 2642 1089 2699 Nam
1105 2646 1165 2699 tros
1180 2647 1250 2700 sunt
1265 2641 1442 2716 principales
1456 2647 1539 2700 ortus
1559 2661 1741 2719 occasusque
1755 2650 1836 2719 solis,

140 2732 285 2810 pontione
299 2734 328 2786 st
346 2726 458 2796 ordine,
481 2726 693 2784 calculatorum
716 2726 876 2799 sagacitate
897 2726 962 2799 qui·
1017 2730 1129 2789 scilicet
1143 2730 1296 2800 brumalia,
1309 2729 1529 2804 aequinoctialis,
1545 2736 1573 2789 et
1588 2732 1724 2791 borealis.
1736 2737 1837 2796 lstedc

140 2823 267 2882 busdam
282 2818 368 2893 quasi
382 2816 526 2875 limitibus
541 2815 743 2874 determinata.
756 2815 868 2874 Primos
883 2832 964 2875 nam·
1017 2831 1075 2895 quo
1099 2820 1258 2894 loquimur,
1281 2814 1317 2890 is,
1342 2818 1475 2894 inquam,
1491 2815 1573 2878 ortus
1597 2822 1750 2894 Therinos,
1768 2827 1840 2885 Tro·

141 2926 199 2988 que
212 2908 372 2985 AEgvptios,
388 2923 463 2979 quos
478 2923 536 2979 pre
551 2904 662 2962 crateris
681 2904 849 2962 nationibus
872 2907 963 2978 hujus
1017 2911 1100 2983 pinos
1119 2911 1215 2967 Graeoe
1239 2912 1360 2967 vocatur
1374 2908 1450 2974 tepea,
1465 2909 1494 2965 id
1524 2913 1569 2966 est
1597 2913 1692 2981 natas,
1720 2930 1838 2989 compo-

142 3001 214 3063 artis
242 2995 348 3072 peritia
375 2994 523 3063 calluisse,
552 2992 656 3050 dimna
684 2992 751 3066 (cod.
781 2998 815 3052 ut
847 2993 961 3062 dimna,
1017 2997 1073 3055 sito
1098 2998 1217 3055 nomine
1242 3017 1259 3055 a
1284 2998 1424 3070 qualitate
1443 2999 1584 3072 temporis
1606 3004 1634 3056 et
1652 3004 1839 3063 conversione

140 3090 188 3150 aad
202 3097 267 3145 ten-c
285 3083 398 3141 verbum
418 3082 598 3153 desideratur)
625 3086 653 3137 et
676 3081 813 3139 humans
835 3083 965 3157 produnt
1018 3085 1100 3143 solis.

74 3223 78 3229 .
141 3175 317 3244 litteras,iter
330 3170 404 3229 illud
420 3170 560 3244 solis,per
573 3170 659 3242 cujus
674 3171 840 3228 discursum
851 3179 999 3247 annumc
1056 3175 1187 3247 Sequens
1203 3175 1322 3248 signum
1338 3176 1442 3233 Leonis
1459 3177 1612 3236 diciturob
1628 3178 1838 3253 illiusmensis,

142 3265 238 3343 explet
260 3261 415 3329 circulum,
439 3259 469 3317 in
495 3258 649 3316 duodecim
672 3261 806 3335 partibus
829 3277 964 3319 emensos
1017 3264 1142 3336 Augusti
1158 3263 1278 3332 scilicet,
1295 3263 1543 3324 ferventissimum
1559 3271 1685 3342 tempus,
1702 3271 1773 3343 quiq
1795 3274 1839 3331 leo

103 3385 105 3388 ·
140 3348 963 3428 testaturldacrobius.0uod,quaindustriaiecerint,qui
1018 3352 1130 3410 casteria
1145 3352 1323 3411 animalibus
1338 3353 1432 3411 calore
1447 3359 1585 3428 praestare
1600 3358 1737 3429 creditur,
1747 3364 1839 3434 quod-

142 3446 258 3523 plenius
270 3458 355 3499 nesse
366 3440 521 3507 desiderat,
529 3438 660 3511 ejusdem
673 3439 811 3496 Macrobii
819 3457 965 3498 commen·
1018 3458 1076 3514 quo
1092 3442 1148 3497 Leo
1164 3443 1261 3514 priore
1271 3446 1354 3516 parte
1368 3442 1492 3514 validus,
1500 3445 1660 3518 posteriore
1670 3448 1839 3522 degenerat,

140 3540 205 3595 tum
220 3535 256 3591 do
269 3533 378 3603 Somno
393 3527 522 3602 Cipienis
536 3527 604 3604 (sic)
618 3527 714 3603 legere
735 3531 860 3586 studeat.
881 3530 963 3603 Ipsos
1018 3530 1094 3587 sicut
1122 3529 1165 3588 sol
1191 3548 1207 3588 e
1229 3527 1325 3587 medio
1351 3530 1400 3588 illo
1426 3532 1510 3606 signo
1531 3534 1593 3606 Jam
1610 3535 1687 3592 circa
1709 3553 1840 3596 mensem

141 3629 239 3685 autem
252 3626 349 3696 partes
363 3617 782 3692 subsecutaposteritasprimo
792 3618 965 3693 generaliter
1018 3619 1219 3693 Septembrem
1243 3623 1332 3677 estus
1357 3622 1403 3678 sui
1428 3623 1562 3680 ardorem
1585 3624 1670 3682 nobis
1700 3626 1841 3685 duntaxat

141 3714 226 3790 signo
241 3708 407 3785 appellavit.
419 3706 501 3765 Unde
516 3705 610 3764 eidem
626 3707 745 3781 sphaerae
760 3707 857 3764 Gracc
870 3708 966 3765 zodia·
1018 3707 1153 3782 mitigare
1163 3708 1275 3784 incipit.

141 3822 201 3873 cos,
218 3801 319 3859 Latina
334 3800 432 3856 autem
447 3795 580 3870 signiferi
595 3813 702 3855 nomen
720 3796 893 3871 impositum
908 3802 961 3855 est.
1053 3797 1120 3856 Jam
1132 3815 1199 3856 vero
1213 3798 1270 3872 ipsi
1281 3800 1443 3872 Septembri
1453 3799 1603 3872 Virginem
1614 3802 1839 3874 deputaverunt3

140 3893 252 3953 Deinde
266 3885 392 3963 singulis
407 3884 499 3960 signis
514 3889 592 3943 certa
607 3883 714 3942 indidit
731 3886 883 3955 vocabula,
900 3903 964 3959 quaa
1018 3886 1096 3959 quod
1112 3903 1145 3943 co
1161 3902 1261 3943 mense
1277 3887 1378 3944 allecta
1389 3888 1452 3958 jam
1467 3890 1544 3943 terra
1559 3888 1632 3944 nihil
1639 3888 1766 3947 fructum
1781 3893 1841 3965 gig-

140 3985 231 4056 poetre
246 3978 366 4052 quidem
381 3975 503 4032 ridicule
517 3975 677 4043 linxerunt;
693 3977 743 4033 scd
760 3977 810 4048 qui
826 3976 965 4033 dicuntur
1018 3976 1087 4045 nat„

139 4065 320 4144 philosophi,
335 4063 514 4136 quibusdam
533 4064 663 4136 physicis
688 4064 962 4122 adumbrationibus
1054 4060 1279 4134 Libram,quam
1294 4061 1325 4118 in
1340 4062 1456 4119 trutina
1467 4063 1593 4136 effigiem
1607 4066 1745 4136 formant,
1754 4069 1841 4141 mqui-

140 4155 270 4220 warnae
292 4151 350 4209 nisi
371 4154 451 4208 sunt.
468 4150 524 4207 Sed
549 4166 602 4207 nos
617 4151 667 4223 (ite
686 4151 767 4221 cod),
784 4152 915 4223 poeticis,
931 4152 963 4209 in
1017 4149 1172 4207 noctialem
1187 4149 1244 4207 diei
1260 4151 1412 4224 noctisque
1426 4151 1615 4227 parilitatem,
1626 4169 1716 4225 quam
1730 4155 1760 4211 in
1775 4159 1840 4229 ejus

140 4238 495 4320 quibusnullaineatveri
506 4236 649 4307 soliditas,
659 4238 962 4313 posthabitisssgmen·
1017 4240 1121 4310 quarta
1142 4242 1224 4311 parte
1248 4239 1291 4296 sol
1316 4240 1486 4313 exsequitur
1507 4245 1659 4310 autumno,
1676 4243 1705 4298 id
1731 4250 1775 4302 est
1800 4265 1839 4303 xrr

139 4333 191 4404 tis,
206 4328 387 4394 naturalium
402 4343 501 4384 rerum
515 4342 610 4400 pauca
624 4342 688 4400 qun
707 4328 743 4384 de
766 4332 895 4386 veterum
911 4345 961 4402 po·
1017 4325 1079 4384 llal.
1105 4327 1235 4396 Octobr„
1259 4327 1422 4398 insinuant,
1448 4329 1525 4395 sicut
1551 4329 1580 4386 in
1607 4331 1713 4389 Arietis
1733 4340 1839 4407 quarta

139 4423 252 4487 tuimm
267 4434 368 4479 eruere
382 4414 612 4483 commentariis,
620 4416 747 4475 inserere
762 4434 819 4474 non
830 4417 963 4474 videatur
1016 4419 1098 4487 parte
1113 4432 1211 4486 veruo,
1228 4415 1256 4472 id
1271 4421 1316 4474 est
1328 4435 1367 4474 arr
1385 4417 1445 4475 ltal.
1461 4419 1552 4491 April.
1569 4419 1604 4475 llt
1627 4419 1658 4476 bi
1672 4427 1742 4479 sunt
1756 4428 1839 4482 ortus

139 4526 308 4572 onerosum.
326 4506 418 4582 lgitur
432 4504 551 4564 zodiaco
573 4505 631 4578 ipsi
654 4522 687 4564 eo
715 4505 777 4565 loco
800 4506 963 4564 tribuentes
1014 4504 1059 4562 vel
1085 4522 1218 4576 occasus,
1243 4524 1370 4579 qnorum
1396 4511 1518 4581 uterque
1541 4507 1725 4579 isemerinos,
1741 4510 1770 4569 id
1794 4518 1840 4570 est

138 4600 267 4671 tullium,
283 4615 342 4672 quo
356 4595 448 4656 solem
463 4610 531 4652 mox
544 4594 654 4654 lactum
670 4597 785 4653 constat
803 4611 868 4652 esse
881 4593 960 4653 loca·
975 4552 1000 4619 D
1015 4593 1227 4668 equinoctialis
1241 4594 1415 4670 appellatur.

138 4689 250 4756 tum,id
265 4684 364 4758 est,ab
379 4703 414 4743 eo
428 4683 523 4758 signo,
533 4684 610 4756 qnod
625 4700 660 4740 xv
676 4684 737 4740 Kal.
751 4683 842 4757 April.
853 4683 964 4740 intrare
1050 4685 1087 4741 At
1101 4701 1168 4741 vero
1183 4685 1322 4758 Scorpius
1337 4686 1487 4743 aculeatus
1502 4690 1531 4742 et
1545 4687 1720 4761 Sagittarius
1735 4690 1772 4746 ad
1787 4707 1837 4747 ex-

138 4778 257 4847 dicitur,
270 4791 358 4849 quem
373 4773 501 4849 primum
514 4773 604 4830 luisse
620 4773 696 4831 diam
712 4773 844 4831 seculiet
858 4777 962 4845 quarto
1016 4772 1185 4847 primendes
1198 4775 1376 4847 graminum
1392 4775 1468 4833 ictus
1482 4780 1512 4832 ot
1530 4780 1733 4849 tempestatem
1756 4777 1836 4837 illius

138 4865 246 4929 abhinc
274 4881 305 4922 se
333 4867 463 4922 creatum
492 4861 686 4936 aequinoctiali
715 4862 761 4919 die
784 4862 895 4919 rationo
918 4860 962 4918 sol
1016 4863 1156 4934 temporis
1170 4862 1557 4922 suntlocati.Prretcrhunc
1572 4865 1757 4939 Sagittarius,
1774 4885 1838 4940 pos

136 4955 199 5014 inse
214 4952 435 5025 testatur‚idcm
452 4949 613 5025 principale
627 4951 745 5024 signum
761 4950 845 5024 quasi
855 4950 961 5007 Arietis
1014 4952 1109 5008 trema
1123 4955 1204 5024 parte
1219 4951 1250 5008 in
1265 4952 1358 5008 lerina
1374 4955 1506 5011 membra
1521 4956 1710 5026 degenerans,
1727 4955 1836 5028 signill-

138 5043 258 5103 nominc
271 5046 458 5109 vocaverunt,
474 5058 510 5097 cx
523 5044 628 5098 natura
643 5040 737 5113 ipsius
751 5039 888 5096 animalis
903 5044 960 5095 tra·
1015 5044 1062 5095 cat
1076 5039 1168 5096 solem
1183 5045 1254 5098 tunc
1271 5041 1438 5114 tenrporisn
1454 5043 1568 5115 superis
1578 5042 1608 5098 in
1624 5042 1725 5099 infima
1736 5044 1836 5102 detru-

136 5134 224 5190 bente
239 5130 414 5189 vocabulum
429 5128 633 5186 similitudinis
648 5130 684 5185 ad
709 5129 895 5185 elllcieuliarn
911 5147 956 5185 so·
1012 5145 1089 5185 sum.

136 5221 184 5292 lis,
200 5221 260 5278 sive
275 5221 353 5293 quod
369 5218 398 5274 id
414 5217 523 5275 animal
543 5218 687 5291 prraecipue
710 5217 848 5275 cornibus
871 5217 956 5285 valet,
1047 5218 1214 5291 Capricorni
1230 5219 1559 5293 significantiameeulis
1571 5219 1659 5276 ctiam
1676 5222 1836 5294 deprehen-

136 5311 213 5369 sicut
228 5309 270 5367 sol
285 5311 322 5367 ab
341 5325 375 5365 eo
400 5311 529 5379 tempore
554 5307 590 5362 ad
614 5307 814 5364 resolvendam
837 5310 956 5375 terram,
1012 5307 1079 5363 dere
1094 5307 1230 5380 perfacile
1239 5310 1424 5382 csl.Capram
1436 5308 1513 5364 enim
1524 5307 1554 5363 in
1566 5310 1756 5379 pascendoab
1767 5312 1834 5369 imis

135 5403 255 5459 camum
275 5396 402 5455 brumali
427 5394 511 5469 rigali
535 5401 710 5466 concretam,
726 5397 875 5453 radiorum
897 5397 957 5454 vim
1012 5394 1070 5453 ulta
1085 5400 1183 5469 petere
1197 5414 1313 5470 semper
1327 5412 1412 5453 nemo
1426 5395 1536 5468 estqui
1553 5396 1674 5457 nesciat.
1686 5399 1768 5457 Sicut
1778 5400 1835 5473 sig-

134 5504 266 5547 cxercere
280 5485 392 5558 incipit,
409 5484 469 5542 sive
483 5485 561 5556 quod
586 5485 624 5540 ab
647 5502 680 5541 co
705 5484 877 5558 acquinoctio
904 5501 955 5558 per
1011 5501 1082 5542 num
1097 5484 1152 5542 hoc
1169 5486 1259 5543 solem
1276 5484 1360 5542 nobis
1374 5485 1411 5541 ab
1427 5485 1530 5542 inieris
1545 5486 1680 5557 partibus
1695 5488 1732 5545 ad
1746 5504 1831 5561 supe-

133 5579 361 5636 totamacstatcm
373 5589 466 5648 usque
474 5573 596 5631 adalind
605 5572 811 5646 equinoctium
822 5574 957 5632 dextrum
1011 5573 1088 5633 ricra
1102 5575 1234 5644 remittit,
1251 5577 1397 5632 uanmcto
1420 5573 1450 5632 iu
1475 5579 1581 5648 quarta
1604 5579 1686 5649 perte
1706 5576 1763 5646 sui,
1780 5578 1832 5649 qui
