3900 6090
113 280 177 345 453

918 277 1023 344 virt.

1764 285 1824 349 tat

116 417 184 481 bns,
209 418 238 470 ct
261 415 456 470 maceriarum
479 412 630 469 liminibus
655 416 690 469 de
716 413 799 486 longe
825 432 943 469 sursum
958 419 985 482 Α
1001 417 1129 488 eorporis
1145 417 1285 490 paulatim
1303 421 1434 488 delicere,
1447 437 1514 476 cum
1526 420 1647 494 spiritus
1659 420 1824 492 abintegri-

117 502 305 577 aspicientes,
322 503 432 558 exitam
446 502 486 557 rei
502 501 598 557 ridere
614 503 774 574 cupientes
791 503 945 557 Existima-

117 592 191 651 bant
205 593 479 666 namqueautsicat
489 592 581 647 Etiam
597 609 662 648 eum
675 608 761 648 carne
776 609 842 647 eum
854 597 948 648 trans-

117 668 285 751 ferendum,
302 685 354 737 aut
369 680 426 737 alio
442 679 545 754 queris
560 685 589 735 et
604 679 721 735 insolito
747 681 833 735 modo
852 679 947 735 abeis

118 768 354 828 tollendumSed
368 787 434 825 mox
448 787 482 826 ea
496 787 555 842 qua
569 770 725 825 subrectus
741 769 835 824 luerat
849 767 947 824 suavi-

119 851 181 918 tate
194 859 357 931 depositus,
368 863 507 914 convocat
516 874 618 913 omnes
628 856 679 930 qui
694 857 794 931 lugam
809 857 946 922 inierant,

115 946 173 1021 ,tati
187 964 237 1003 eos
252 946 429 1003 allocutione
444 946 625 1003 demulcens.
644 968 657 995 a
674 945 805 1012 Vidistis,
822 947 873 1012 ait,
883 945 946 1013 tilii,

120 1035 428 1105 vidistiscbarissimi,
437 1052 495 1108 quo
506 1053 553 1091 mc
564 1035 641 1092 Deus
651 1037 805 1107 vocatque
816 1033 865 1090 Dei
876 1033 947 1089 inet-

1001 507 1058 559 tate
1074 506 1118 559 sui
1135 508 1257 562 delicere
1269 509 1404 564 nesciret.
1416 509 1457 563 lta
1469 526 1595 581 namque
1608 510 1680 565 lireio
1693 525 1826 575 serenus,

1001 608 1089 647 sensu
1106 594 1234 661 sobrius,
1247 597 1369 651 (tricenali
1381 596 1525 652 lseutionc
1542 597 1691 663 assiduus,
1704 601 1764 652 toto
1776 595 1826 651 illo

1001 679 1048 735 die
1064 698 1097 737 ac
1112 683 1246 754 sequenti
1264 685 1334 740 teria
1349 689 1429 740 sexta
1440 687 1638 757 permanebat,
1655 690 1688 741 ut
1702 684 1826 756 quicun-

1002 785 1058 841 que
1073 787 1104 825 se
1119 774 1364 839 eonrrueuilaturi,
1381 778 1408 828 et
1423 774 1655 830 benedictionem
1676 773 1750 829 tanti
1774 773 1826 828 Pa-

1002 856 1054 913 tris
1069 860 1246 930 postulaturi
1263 862 1459 932 advenissent,
1477 869 1622 918 recreatos
1637 866 1714 929 se,et
1729 861 1827 918 multi-

1002 946 1153 1019 plieiterin
1163 966 1260 1005 amore
1271 950 1433 1006 ‹lirinitatis
1450 951 1637 1006 confirmatos
1652 954 1826 1006 assererent.

1002 1036 1037 1091 lit
1048 1037 1110 1107 jam
1127 1037 1279 1108 promissae
1295 1039 1488 1094 beatitudinis
1503 1040 1665 1094 Sabbatum
1682 1037 1827 1103 illuxerat,

120 1125 220 1183 labilis
235 1124 436 1181 misericordia
450 1123 561 1179 invitat.
575 1123 685 1179 Semita
698 1123 812 1178 itineris
822 1122 879 1178 mei
891 1139 948 1196 pree
998 1125 1061 1197 jam
1077 1131 1195 1199 tempus
1206 1127 1405 1200 requiescendi
1415 1128 1451 1182 nb
1460 1129 1597 1183 omnibus
1608 1127 1758 1184 laboribus
1767 1127 1829 1183 suis

120 1215 344 1272 oealisostensa
359 1219 404 1271 est
419 1214 510 1279 robis,
526 1218 558 1268 at
574 1212 817 1268 nullusvestrum
834 1214 869 1268 de
880 1231 950 1285 prin·
1003 1214 1154 1271 Dunstano
1180 1216 1319 1283 instabat,
1340 1234 1406 1272 euru
1432 1233 1498 1272 ecce
1524 1216 1677 1289 multiplex
1700 1216 1828 1272 filiorum

122 1305 182 1361 mie
198 1303 332 1377 capiendi
357 1302 421 1359 eoeli
445 1303 571 1371 diffidat,
587 1303 636 1374 qui
651 1301 716 1357 vite.
732 1319 802 1357 meaa
825 1301 950 1375 diligens
1004 1307 1117 1359 caterva
1132 1306 1232 1372 currit,
1251 1304 1377 1360 liliorum
1403 1323 1477 1378 qrros
1500 1305 1562 1378 ipse
1587 1306 1662 1360 intra
1683 1305 1828 1378 gremium

122 1399 249 1450 sectator
263 1392 415 1449 exstiterit.
432 1392 494 1447 Non
510 1392 588 1447 erebi
603 1392 687 1446 sedes
703 1391 831 1446 animum
855 1408 949 1446 meam
1005 1393 1106 1447 matris
1124 1393 1258 1448 Ecclesia
1274 1395 1403 1449 tenerius
1419 1395 1570 1462 nutrierat,
1588 1399 1674 1466 atque
1690 1394 1725 1449 ad
1740 1391 1830 1450 excel·

121 1481 305 1550 tenebit,non
317 1480 393 1536 lenda
404 1479 492 1536 facies
503 1479 843 1552 profunditatisarriuram
855 1497 950 1535 meam
1004 1481 1157 1537 lentiorem
1174 1482 1318 1555 spirituali
1330 1485 1429 1555 gratia
1441 1483 1645 1556 perlectionem
1658 1483 1828 1548 adduxerat,

123 1570 245 1638 tenebit,
263 1586 320 1625 non
345 1567 422 1642 iguis
445 1567 703 1639 inexstinguibilis,
718 1573 746 1622 et
761 1567 868 1623 vermis
892 1585 950 1623 nan
1005 1569 1184 1627 clamoribus
1208 1577 1235 1626 et
1262 1573 1361 1627 nimiis
1384 1572 1543 1643 ejulatibus
1577 1572 1727 1644 queritans
1752 1571 1830 1645 quod

124 1657 254 1715 moriens
270 1659 400 1714 animam
427 1674 522 1712 meam
538 1657 657 1712 tenebit.
674 1658 798 1712 Sursum
814 1656 951 1729 estquod
1005 1677 1036 1714 sc
1049 1659 1195 1715 derelictis
1221 1662 1376 1729 recederet,
1401 1679 1453 1715 nec
1475 1660 1534 1715 illis
1556 1660 1656 1716 liceret
1677 1658 1829 1716 commori.

122 1745 294 1821 amplector,
310 1763 430 1804 sursum
455 1762 513 1819 que
538 1744 656 1818 gradiar
682 1746 781 1800 Estote
804 1761 871 1817 ergo
887 1745 950 1799 vitre
1005 1752 1041 1804 nr
1053 1749 1136 1803 illein
1148 1766 1253 1804 manus
1264 1749 1314 1805 Dei
1330 1749 1540 1821 omnipotentis
1551 1748 1830 1812 eoscommendans,

121 1834 296 1906 imitatores,
315 1834 339 1891 si
364 1833 477 1891 itineris
499 1834 554 1888 mei
578 1832 685 1905 cupitis
701 1850 765 1889 esse
781 1838 949 1889 sectatores.
1005 1842 1034 1894 et
1048 1840 1177 1911 gratiosa
1192 1837 1392 1893 benedictione
1412 1838 1600 1905 confirmans,
1614 1839 1701 1908 jubet
1724 1842 1831 1893 sanctae

121 1924 231 1983 Discite
244 1924 425 1980 veluntatem
441 1923 490 1978 Dei
507 1938 623 1995 semper
639 1939 735 1991 nosse,
749 1926 786 1990 et,
803 1938 870 1978 curn
886 1939 951 1978 oam
1006 1925 1221 1982 communionis
1246 1926 1419 1999 mysterium
1444 1931 1512 1981 ante
1537 1943 1568 1981 se
1583 1925 1734 1981 celebrari.
1751 1924 1833 1991 Quod

120 2011 272 2078 noveritis,
288 2012 360 2068 nibil
376 2010 402 2067 ei
417 2011 512 2067 velitis
534 2011 679 2083 preferre.
696 2010 776 2077 Quod
795 2010 819 2065 si
835 2011 872 2066 ab
887 2012 951 2082 ejus
1006 2031 1073 2072 eum
1085 2013 1537 2088 protensismanibusdeeoelcsti
1550 2031 1654 2070 mensa
1667 2017 1833 2087 porrectum

120 2101 272 2158 voluntate
295 2101 428 2157 iacienda
450 2098 745 2176 quantulumcunque
768 2116 819 2154 res
840 2098 951 2154 exorbi·
1007 2103 1194 2176 suscepisset,
1218 2104 1273 2159 hae
1302 2104 1433 2160 oratione
1456 2103 1514 2159 Deo
1544 2103 1710 2176 supplicare
1734 2103 1832 2176 eoepit.

122 2196 201 2248 tasse
213 2186 521 2265 cognoveritisstatim
538 2189 574 2245 ad
590 2189 803 2261 deprecandam
820 2189 884 2260 ejus
900 2188 953 2243 ele·
1007 2192 1105 2252 Gloria
1128 2192 1192 2259 tibi,
1213 2193 1398 2264 omnipotens
1424 2192 1515 2260 Pater,
1533 2192 1582 2264 qui
1608 2191 1782 2248 timentibus
1806 2195 1835 2248 te

123 2280 266 2336 mantiam
279 2277 609 2353 convertimini,nedum
622 2278 765 2334 minorem
777 2294 954 2350 quamopar·
1007 2283 1114 2338 Panem
1129 2281 1193 2335 vitre
1209 2282 1244 2336 de
1255 2281 1326 2337 eoelo
1342 2280 1459 2346 dedisti,
1472 2285 1505 2335 ut
1517 2297 1661 2336 memores
1677 2280 1772 2336 simus
1783 2279 1836 2335 mi-

124 2372 185 2424 teat
200 2366 391 2424 reverentiam
411 2365 612 2434 exhibueritis,
636 2383 694 2421 nan
712 2364 808 2421 solnm
825 2365 957 2438 proerari-
1007 2371 1144 2427 pabillum
1160 2374 1365 2442 tuorumque
1379 2369 1409 2425 in
1426 2370 1521 2425 medio
1538 2374 1620 2424 terras
1636 2373 1774 2441 operatus
1791 2385 1834 2433 cs,

124 2460 249 2524 catores,
265 2472 366 2510 verum
391 2452 478 2511 ellam
503 2453 637 2510 infideles
654 2452 841 2525 Judlcemlnl·
862 2452 955 2509 Nolite
1009 2460 1151 2515 mittendo
1164 2457 1447 2530 nobisUnigenitum
1464 2462 1560 2525 taum,
1573 2474 1673 2513 verum
1685 2457 1835 2514 hominem

125 2544 194 2602 boui
216 2545 318 2616 rideri,
335 2544 385 2600 sed
410 2560 485 2610 esse,
509 2561 562 2599 nec
591 2547 651 2598 tam
677 2542 746 2598 mali
773 2560 830 2598 nan
851 2544 954 2611 videri,
1009 2547 1258 2619 deverel'irgine
1275 2546 1589 2613 naturn.'libi,snnete
1608 2546 1836 2615 Pater‚meritas

126 2649 217 2706 quam
239 2649 296 2688 non
310 2648 384 2688 esse.
396 2632 455 2688 lloc
467 2633 545 2687 enim
558 2632 720 2687 maximum
733 2631 808 2686 inter
823 2631 956 2689 homines
1010 2637 1163 2692 referimus
1174 2640 1281 2708 grates,
1294 2633 1344 2707 qui
1360 2640 1388 2690 et
1403 2651 1457 2689 nos
1472 2634 1543 2689 dum
1560 2649 1836 2689 ueneramuserea·

127 2720 239 2777 malum
250 2724 304 2788 est,
323 2721 401 2794 quod
424 2737 526 2776 omnes
537 2719 881 2793 cupiuntbonirideriet
893 2737 957 2777 esse
1010 2726 1057 2793 sti,
1074 2729 1102 2780 et
1117 2725 1186 2779 dum
1204 2729 1369 2795 peccatores
1384 2740 1528 2790 essemus,
1545 2721 1635 2793 hujus
1654 2721 1754 2794 gratia
1770 2739 1836 2794 par-

126 2808 329 2878 nolunt;nulli
344 2809 447 2865 volunt
463 2808 531 2864 mali
545 2809 647 2877 rideri,
664 2814 692 2865 et
707 2807 810 2864 nolunt
825 2827 882 2864 non
893 2828 957 2867 esse
1009 2814 1113 2887 ticipes
1124 2813 1244 2868 elleeisti
1257 2829 1307 2884 per
1322 2812 1457 2867 eumdem
1474 2812 1579 2866 Filium
1597 2815 1680 2865 tuum
1697 2811 1839 2879 Deum,et

127 2899 208 2955 mali.
226 2898 328 2955 Pacem
353 2915 470 2971 semper
495 2898 661 2966 sectamini,
678 2914 731 2954 nec
755 2898 838 2970 prius
855 2899 892 2954 ab
908 2898 959 2954 illa
1011 2905 1169 2960 Dominum
1185 2907 1331 2971 nostrum,
1343 2901 1443 2956 omnia
1458 2905 1554 2956 tecum
1570 2904 1599 2954 et
1613 2899 1724 2971 Spiritu
1736 2902 1838 2955 sancto

128 2989 269 3046 sectanda
294 2987 449 3056 deficiatis,
462 3004 552 3060 quam
568 2987 649 3042 illam
666 2986 694 3041 in
711 2985 784 3042 coele
798 2987 958 3060 apprehen·
1010 2993 1176 3058 facientem,
1189 2990 1412 3061 gubernantem,
1425 2991 1453 3044 et
1468 3005 1519 3060 per
1534 2986 1649 3042 intinita
1664 2985 1839 3042 seculorum

126 3077 216 3133 dallfl·
246 3081 351 3149 Atque,
380 3081 413 3131 ul
441 3076 517 3131 bunc
546 3076 703 3131 elllcaoilcr
737 3076 881 3148 attingere
909 3095 957 3132 ra·
1012 3081 1118 3138 secula
1140 3083 1323 3152 regnantem.
1341 3079 1420 3133 luter
1444 3095 1508 3149 queo
1532 3076 1620 3131 rerba
1643 3093 1677 3130 ex
1701 3073 1840 3130 omnibus

127 3165 324 3234 leatis,illum
354 3182 470 3238 semper
497 3165 526 3219 in
555 3164 653 3220 auimo
683 3164 888 3220 dulcissimum
904 3152 1117 3224 tra-(lanima
1130 3165 1314 3222 medullisait
1327 3167 1517 3237 Deumquem
1531 3180 1647 3235 semper
1661 3163 1840 3218 desiderare

128 3255 206 3323 bete,
223 3254 265 3309 illi
294 3256 433 3310 continuo
456 3254 567 3327 gratias
592 3253 679 3326 agite,
696 3253 776 3309 illias
805 3256 957 3327 preceptis
1013 3256 1270 3321 ratess'usa,ridct
1291 3254 1357 3310 illes
1379 3253 1526 3326 quiscad
1544 3251 1839 3307 coelcsteeonvivium

127 3342 282 3400 humiliter
297 3343 411 3399 obedite
435 3343 486 3415 qui
511 3342 659 3414 singulare
685 3359 736 3415 pro
759 3344 896 3399 omuibus
911 3361 957 3399 sa·
1012 3346 1207 3401 invitaverant
1232 3345 1332 3398 beatos
1347 3342 1466 3414 angelos
1480 3341 1666 3406 assistentes,
1681 3344 1709 3395 et
1724 3337 1841 3395 ooeleste

129 3433 273 3489 sasseium
289 3431 435 3487 immolari
451 3431 552 3500 voluit,
571 3432 600 3486 in
616 3449 675 3503 quo
703 3431 957 3504 complacuitom-
1013 3433 1054 3489 illi
1078 3432 1252 3504 obsequium
1285 3435 1494 3503 praeparantes.
1519 3431 1649 3496 Quorum
1676 3428 1841 3485 venerando

131 3538 198 3578 nem
213 3521 427 3594 plenitudinem
453 3519 627 3585 inhabitare,
644 3524 673 3576 et
696 3536 748 3592 per
769 3536 837 3575 eum
857 3537 958 3576 reeon-
1013 3520 1100 3578 coetai
1116 3520 1184 3575 felix
1203 3520 1303 3574 anima
1327 3517 1406 3574 illius
1431 3518 1587 3590 gratulata,
1604 3517 1669 3571 leta
1693 3516 1843 3587 egreditur

133 3609 226 3666 eiliari
242 3609 386 3677 omnia,in
395 3601 459 3682 ipso
474 3609 632 3683 pacificans
644 3625 696 3681 per
709 3609 883 3681 sanguinem
895 3627 959 3666 cru·
1013 3611 1049 3666 de
1059 3609 1226 3665 habitaculo
1238 3607 1416 3684 sanctissimi
1429 3605 1761 3678 corporis,prosroisccns
1772 3619 1840 3659 cum

130 3699 173 3757 eis
187 3699 266 3772 ejus,
277 3697 337 3755 sive
354 3716 418 3771 que
437 3698 568 3755 interris
583 3702 663 3763 sunt,
679 3697 739 3754 sive
754 3714 818 3770 que
833 3697 862 3753 in
879 3697 958 3755 coelis

132 3787 199 3859 (eor.
216 3804 238 3858 1,
261 3788 304 3856 19,
328 3788 386 3860 20).
417 3787 543 3843 Pradico
572 3787 659 3842 etiam
688 3784 770 3842 vobis
799 3786 958 3860 Anglorum

131 3881 248 3951 gentem
262 3875 326 3931 dira
340 3892 373 3933 ac
388 3874 527 3932 diuturna
551 3875 629 3932 mala
644 3876 679 3933 ab
695 3874 801 3931 exteris
822 3876 958 3949 gentibus

131 3982 194 4023 esse
207 3980 375 4038 passuram,
389 3965 439 4021 sed
459 3964 490 4020 in
515 3966 573 4020 fine
599 3965 714 4020 dierum
739 3964 958 4024 miserationem

132 4053 180 4111 Dei
192 4069 358 4127 supeream
368 4052 649 4110 stillaturam.Vobis
661 4058 759 4109 antem
771 4054 957 4110 commodum

1013 3698 1071 3754 illis
1086 3699 1121 3753 ad
1138 3695 1393 3767 contemplandam
1411 3693 1572 3749 claritatem
1587 3692 1685 3748 eterni
1702 3691 1841 3747 Condito-

1013 3786 1064 3843 ris.
1084 3788 1157 3843 Eece
1181 3784 1327 3858 quomodo
1342 3783 1502 3839 honoratus
1518 3787 1572 3848 est,
1589 3797 1677 3854 quern
1694 3781 1772 3836 Deus
1788 3779 1840 3835 ba·

1013 3893 1083 3932 nore
1097 3875 1220 3948 dignum
1232 3871 1376 3944 judicavit
1391 3873 1396 3926 !
1409 3887 1475 3927 ecce
1490 3871 1637 3944 quomoda
1653 3869 1682 3924 in
1698 3868 1840 3942 gaudium

1013 3961 1129 4020 Domini
1145 3961 1190 4018 sui
1206 3959 1336 4027 intravit,
1350 3959 1441 4031 quiin
1456 3959 1615 4015 commissa
1630 3956 1686 4013 sibi
1703 3955 1840 4013 doctrine

1014 4053 1137 4127 pecunia
1153 4049 1246 4106 fidelis
1261 4054 1394 4122 erogator
1409 4047 1538 4104 exstititl
1556 4046 1578 4104 Ο
1593 4046 1705 4103 viscera
1724 4046 1840 4102 miseri·

132 4141 183 4199 erit
193 4142 301 4198 borum
313 4143 466 4198 verborum
480 4141 640 4210 reminisci,
657 4145 690 4197 ut
701 4140 761 4198 sive
771 4142 833 4197 hec
843 4143 878 4197 ad
893 4159 958 4214 pec·
1013 4141 1117 4197 cordiae
1134 4139 1194 4203 Dei,
1211 4155 1274 4210 qua
1290 4137 1332 4194 sie
1346 4153 1462 4209 semper
1476 4135 1574 4191 dulcia
1592 4141 1730 4207 expertus
1746 4135 1841 4191 luerat

132 4235 265 4288 ceterum
275 4229 520 4299 emendationem,
532 4246 583 4286 sou
596 4231 631 4286 ad
649 4230 855 4302 perficiendum
870 4231 960 4287 virtu·
1012 4229 1068 4285 iste
1082 4228 1169 4284 hmno
1185 4227 1234 4282 Dei
1248 4227 1254 4280 l
1270 4242 1286 4280 ο
1301 4242 1352 4281 eor
1365 4224 1419 4280 riri
1434 4225 1470 4280 ad
1485 4223 1664 4279 voluntatem
1691 4225 1741 4280 Dei
1763 4239 1840 4278 sem·

132 4325 190 4377 lem
221 4318 409 4392 contigerint,
431 4319 546 4375 animas
571 4323 684 4376 vestras
712 4319 814 4375 divine
844 4337 960 4392 semper
1013 4315 1257 4390 perpnrati;qni
1274 4313 1645 4386 patuitdieerezParetum
1670 4328 1717 4367 cor
1738 4328 1838 4379 meam,

131 4407 318 4482 dispositioni
342 4407 516 4480 subjiciatis,
533 4426 568 4465 ne
584 4408 661 4465 sicut
676 4408 745 4464 mali
762 4408 813 4463 filii
829 4408 959 4482 diligatis
1012 4409 1093 4472 Deus,
1108 4412 1237 4478 paratam
1259 4420 1305 4459 eor
1326 4419 1417 4458 meam
1433 4401 1519 4471 (Paul.
1538 4418 1591 4468 rvr,
1608 4400 1654 4471 8)l
1671 4400 1744 4454 Eece
1763 4414 1841 4454 nunc

131 4496 333 4554 blandientem
346 4515 352 4566 ;
370 4497 551 4553 erudientem
578 4498 667 4569 (quod
682 4514 698 4553 a
711 4497 792 4553 vobis
816 4501 958 4554 remotum
974 4520 997 4584 D
1013 4495 1113 4569 psallit
1128 4494 1156 4549 in
1168 4493 1261 4566 gloria
1276 4508 1330 4546 sua
1344 4491 1509 4546 illustratus
1524 4489 1636 4544 lumine
1647 4488 1768 4544 visionis
1782 4487 1841 4560 glo·

131 4586 179 4657 sit)
189 4585 397 4643 contemnatis.
410 4585 539 4643 Proiecto
551 4586 662 4642 nullius
672 4585 826 4642 bominum
841 4585 884 4641 rel
898 4591 958 4642 tam

130 4689 219 4749 grave
233 4674 424 4748 supplicium,
440 4674 484 4731 vel
506 4679 567 4730 tarn
592 4675 734 4731 excellens
749 4679 794 4731 est
808 4676 957 4744 meritum,

130 4778 186 4837 quo
203 4763 257 4820 Dei
270 4762 482 4836 omnipotentis
496 4762 660 4831 risio,risio
672 4764 761 4818 beata
777 4764 957 4830 aeternitatis,

130 4853 202 4910 risio
232 4858 347 4908 eterne
376 4851 516 4922 veritatis,
530 4853 633 4919 Patris,
650 4857 678 4908 et
698 4852 772 4921 l'ilii,
790 4855 819 4907 ot
833 4852 959 4925 Spiritus

130 4941 236 5008 nacti,
251 4938 347 4997 valeat
358 4941 526 5014 promereri.
544 4941 637 5014 Magis
647 4945 743 4996 autem
755 4940 779 4996 si
796 4941 959 4996 naturalem

130 5028 293 5087 elementia
306 5046 366 5085 sue
381 5029 541 5086 bonitatem
553 5030 630 5085 Deus
643 5047 699 5085 non
716 5028 959 5095 attenderit,nilril

129 5117 345 5192 bamopetitur
369 5120 447 5192 quod
473 5117 631 5190 sibijuste
656 5118 706 5172 Dei
728 5118 840 5189 judicio
856 5136 890 5173 ex
906 5135 960 5173 sna

129 5207 217 5282 culpa
230 5224 290 5263 non
304 5207 456 5265 debeatur.

168 5324 305 5382 Viaticem
319 5325 427 5396 accipit,
442 5324 476 5381 ab
491 5324 595 5395 capelia
612 5325 641 5377 ia
655 5322 752 5379 eclam
766 5320 916 5377 deducitur.

164 5441 210 5498 ll.
227 5439 260 5496 ln
275 5438 325 5496 bis
338 5439 434 5496 verbis
459 5439 549 5496 sentit
571 5438 763 5494 beatissimus
786 5437 869 5492 Pater
883 5438 960 5494 viros

1013 4585 1062 4639 ria
1078 4584 1139 4639 Dei.

1350 4695 1497 4767 Sepelitur.

1049 4818 1093 4871 45.
1111 4813 1281 4885 Suscipiunt
1297 4816 1394 4871 autom
1417 4810 1597 4866 venerabiles
1612 4809 1727 4865 Domini
1745 4825 1840 4865 saeer-

1013 4901 1387 4971 dotesvcnerabilecorpus
1403 4900 1512 4955 summi
1529 4900 1701 4964 sucerdotis,
1714 4900 1842 4955 deleren-

1012 4998 1056 5049 tes
1073 4993 1144 5048 illud
1161 4992 1191 5046 in
1202 4989 1354 5045 basilicam
1371 4989 1470 5060 uragni
1485 4987 1588 5044 basilei
1607 4988 1722 5044 Domini
1739 4988 1841 5044 Salva-

1012 5083 1095 5148 toris,
1109 5080 1165 5136 sub
1176 5080 1320 5134 immenso
1330 5095 1483 5133 uurrmure
1493 5076 1655 5148 lugentium
1665 5076 1840 5149 populorum

1013 5173 1152 5233 teretrum
1167 5167 1344 5223 densissime
1360 5164 1656 5233 ambientium,laeies
1670 5182 1740 5220 suas
1750 5164 1841 5221 disse·

1013 5258 1154 5324 cantium,
1170 5253 1276 5328 palmis
1292 5271 1355 5308 sose
1371 5252 1546 5322 l'erientiurn,
1562 5257 1648 5324 atque
1669 5251 1778 5307 amaris
1791 5268 1839 5307 vo-

1013 5347 1107 5417 cibus,
1120 5346 1192 5411 ch‚
1204 5343 1275 5399 beat
1288 5341 1460 5397 charissime
1477 5347 1568 5414 pater,
1585 5340 1786 5396 clamantium.
1798 5339 1841 5397 Ibi

1014 5437 1045 5492 in
1070 5435 1131 5491 loeo
1147 5433 1204 5503 (till)
1229 5446 1316 5502 quem
1342 5434 1408 5485 ante
1432 5430 1554 5486 biduum
1578 5429 1745 5499 dictaverat,
1771 5444 1840 5487 cum

160 5576 226 5651 teti)
240 5573 375 5648 osberto,
394 5573 475 5652 aqui
491 5573 546 5632 tuit
562 5577 628 5632 ante
644 5573 763 5651 gradus,
780 5572 889 5649 quibus
906 5572 943 5631 ad
958 5570 1050 5632 altare
1065 5567 1181 5632 Domini
1197 5564 1304 5626 Christi
1320 5564 1567 5625 ascendebatur.»
