3900 6090
150 279 208 348 347
794 287 1004 352 annuorum
1024 288 1138 356 PAPAE
1159 293 1213 358 Vll
1792 309 1853 374 348

149 432 270 490 nomina
285 429 406 489 interius
422 427 546 504 propriis
561 426 697 484 nianibus
720 428 924 495 subnotantur,
941 432 970 485 et
983 424 1011 492 Α
1026 425 1105 482 dices
1121 427 1256 485 dixerunt
1267 447 1272 485 :
1283 428 1386 489 Coram
1402 434 1486 494 nobis
1500 439 1650 512 proterant
1665 441 1851 516 scriptiones,

149 523 197 580 hie
213 518 649 596 prasentiaincipiuutnomina
661 535 666 572 :
679 516 969 588 videlicetjamdicto
1025 519 1055 570 et
1069 534 1111 586 ca,
1130 536 1194 589 (pue
1219 519 1379 578 anteriores
1403 533 1556 599 apparent,
1574 528 1602 585 in
1628 530 1701 603 ipsis
1724 539 1849 591 constet.

149 612 254 685 presul
279 628 425 667 unacum
456 610 619 665 Giribertus
648 615 754 662 serietas
779 608 969 663 Tortonrmsis
1024 605 1106 660 'l'unc
1120 607 1207 662 Leoni
1224 609 1322 664 abluti
1341 614 1490 682 presciens
1505 634 1590 673 suam
1612 619 1802 692 scriptionem
1820 623 1849 679 in

148 702 281 758 Ecclesia,
311 701 482 771 ppjsfflpum
509 697 788 770 1›,.1,.u501,53001,u„·
821 697 969 768 [appensis
1024 709 1112 748 marm
1132 696 1522 770 judiei‚di.rit:Videtr,si
1541 707 1624 764 nobis
1646 710 1763 779 ,justum
1785 717 1849 780 cst3

147 790 280 846 Ecclesiae
297 788 333 861 (is
348 790 425 843 cuim
443 788 586 843 aruboBus
604 804 808 857 pereormcusa
826 787 965 858 pontilici,
1023 799 1080 836 neu
1095 782 1155 839 litis
1171 786 1298 858 amplius
1315 787 1431 845 iaciant.
1445 792 1527 847 Tunc
1539 794 1705 867 Stephanus
1718 800 1851 871 primice-

145 898 178 935 ac
190 878 324 949 jussione
339 878 535 949 imperatoria,
545 895 614 931 euru
625 876 763 931 audiendi
774 875 923 930 veritatem
934 893 967 931 eo
1023 872 1083 927 rius
1097 871 1191 944 legere
1208 876 1304 947 cupiit.
1321 877 1450 935 loannes
1476 882 1617 939 diaeonus
1642 887 1753 954 audito,
1770 890 1847 960 qum

145 968 335 1037 missisunt),
353 965 508 1035 Gregorius
524 972 629 1022 sande
646 965 817 1020 dinanensis
832 964 966 1019 lleclesirn
1021 965 1151 1034 tempore
1166 962 1290 1018 dlberici
1306 965 1376 1020 olim
1394 967 1592 1026 Romanorum
1614 975 1725 1044 patricii
1744 977 1849 1036 luisset

145 1057 299 1129 episeopus
309 1075 315 1120 ;
324 1058 491 1111 Leesuuetce
501 1055 633 1110 Ecclesia·
643 1053 785 1109 Ostiensis
796 1054 965 1125 episcopus,
1022 1052 1049 1105 id
1067 1051 1121 1105 seri
1126 1056 1221 1122 petunt,
1233 1053 1258 1107 ui
1264 1060 1273 1107 t
1286 1071 1292 1106 ε
1306 1055 1421 1111 Snt'iicit
1432 1058 1526 1113 cobis.
1538 1061 1644 1117 lterum
1656 1066 1742 1120 modo
1754 1066 1849 1123 ridea-

144 1143 571 1202 Joanursvirumvenerabilem
582 1143 965 1199 alrlrasnmnasteriiSanctae
1021 1156 1087 1193 ntur·
1098 1141 1264 1196 sstdnaslsstil
1281 1145 1373 1198 Silllt'll
1388 1145 1533 1202 Benedicti
1549 1151 1848 1223 scriptionesdiadcm

144 1233 250 1299 Murius,
264 1235 339 1306 quod
356 1235 446 1290 situm
460 1239 505 1288 est
519 1234 554 1288 ad
573 1234 671 1295 Fertis:
685 1233 762 1287 Boiai
776 1233 966 1303 {arridentis-si·
1021 1227 1090 1283 liora
1102 1229 1274 1286 Benedictus
1283 1233 1652 1309 presbyteraeparapositus
1662 1240 1724 1298 suis
1733 1243 1848 1314 privile·

144 1339 210 1379 utris
226 1323 317 1379 abbas
333 1322 408 1378 beuti
422 1322 500 1377 Pauli
512 1321 634 1394 apostoli
646 1341 652 1388 ;
666 1323 766 1377 Petrus
779 1323 928 1394 presbptcr
937 1327 966 1377 et
1019 1318 1075 1388 giis
1087 1318 1145 1373 lucc
1159 1325 1302 1391 precepta
1314 1323 1537 1379 aeternitatum
1546 1329 1846 1398 supradictislouunr

143 1411 410 1466 abbusmonasterii
426 1412 519 1466 sancti
536 1411 805 1482 contessorisatrpte
817 1411 964 1482 putititicis
1020 1405 1141 1461 diceudo
1158 1413 1187 1462 Ol
1198 1408 1350 1478 judicibus
1366 1411 1746 1485 pallidiuppivl¹¹¹1¹d⁰1'11¹¹l
1767 1420 1843 1493 ipsu,

142 1499 240 1556 Basilii
251 1518 258 1567 ;
268 1501 396 1556 loannes
405 1499 580 1554 vulnerabilis
590 1499 730 1555 diaconus
742 1505 849 1554 satiate
862 1500 964 1555 ltomu·
1018 1498 1046 1550 et
1059 1496 1238 1568 incipiebant
1254 1496 1358 1569 legere.
1376 1499 1505 1556 Primum
1525 1503 1676 1561 inventum
1692 1513 1747 1577 est,
1765 1513 1798 1565 ut
1813 1511 1844 1566 in

140 1606 183 1644 nei
204 1588 356 1654 Ecclesiam
380 1588 547 1661 Stephanus
571 1589 622 1644 Dei
647 1589 826 1660 providentia
855 1592 962 1644 saneta]
1018 1583 1217 1656 suprascripto
1234 1588 1411 1643 ruouastcrio
1428 1589 1520 1644 sancti
1533 1591 1679 1650 Benedicti
1691 1598 1846 1656 eonllrma·

139 1677 390 1750 sedisapostolicae
402 1676 601 1750 primicerium
612 1677 667 1732 Leo
676 1675 726 1732 Dei
738 1677 843 1748 pietate
853 1677 962 1732 Arelrn-
1019 1677 1080 1728 tum
1098 1674 1202 1730 luisset
1217 1673 1299 1743 loeis,
1316 1694 1380 1748 epure
1396 1679 1497 1734 subter
1512 1682 1680 1739 nenduandi
1695 1691 1776 1756 sunt,
1788 1689 1845 1746 Za·

138 1766 180 1823 rio
200 1771 306 1822 satietas
331 1783 454 1821 summae
479 1764 644 1837 apostolieae
669 1765 764 1832 sedis;
781 1766 884 1820 dczoni
911 1765 960 1821 Dei
975 1796 1001 1862 B
1019 1761 1122 1816 cherin
1134 1769 1240 1818 sanetae
1252 1767 1409 1820 ruciuoria‘.
1422 1768 1588 1824 Sceumlum
1603 1774 1783 1832 sanctissimi
1795 1794 1845 1850 pa-

136 1855 232 1928 gratia
246 1854 502 1925 protoscriniarius
516 1860 545 1909 et
560 1853 755 1925 apocrisarius
767 1854 960 1909 sanctesedis
1015 1868 1057 1922 pa·
1074 1851 1213 1924 Gregorii.
1232 1854 1362 1908 Tertium
1379 1853 1431 1926 piae
1448 1860 1595 1956 tneruorim
1620 1860 1724 1919 Sieolui
1743 1864 1842 1922 Bonna

136 1944 301 2017 apostolice
314 1963 321 2012 ;
335 1946 434 2013 Bigizo
445 1949 474 1998 et
485 1941 657 1998 benedictus
673 1943 836 1998 dativorum
849 1943 960 2015 judici·
1015 1940 1130 2010 ltresul.
1148 1943 1289 2007 Quartum
1307 1946 1538 2000 continuationis
1551 1966 1630 2020 papa
1643 1951 1789 2009 Benedicti
1805 1955 1842 2011 Bt

135 2034 209 2100 hum
224 2033 352 2090 Joannsss
368 2030 541 2103 consuppuj
554 2034 673 2086 vocatur
683 2030 960 2103 Iffj¹11100r11133spp
1014 2029 1108 2083 ceteri
1126 2030 1248 2104 Lodopci
1265 2031 1397 2089 ctCareli
1414 2034 1669 2094 sanctissimorum
1684 2041 1841 2114 imperato·

134 2122 202 2193 gius
216 2138 314 2179 eomas
330 2120 448 2193 palatii3
464 2122 537 2176 Aezo
553 2119 602 2192 qui
618 2125 647 2176 ot
664 2119 747 2175 Abho
773 2121 957 2189 transientem
1014 2134 1079 2171 rum
1095 2121 1289 2175 constitutum
1305 2126 1360 2176 cst.
1373 2123 1478 2179 Audito
1490 2129 1758 2200 suprascriptorum
1769 2149 1842 2206 prsi-

133 2210 261 2266 Jounnes
278 2209 480 2282 primicerius;
498 2209 642 2265 Berardus
657 2225 755 2265 eomes
769 2209 894 2265 civitatis
909 2210 956 2264 Ti·
1012 2205 1109 2261 sulum
1121 2208 1838 2287 nominanteorumsaneturoperat.ionis,etsun1mi

133 2299 257 2354 burtine
270 2318 276 2366 ;
291 2297 395 2370 Agino.
412 2299 463 2354 llis
475 2297 612 2353 onrrdbus
629 2301 658 2353 et
672 2297 770 2369 plures
792 2298 956 2353 astruitibus
1011 2296 1197 2367 imperatoris
1214 2299 1362 2367 uirtutem,
1379 2302 1456 2371 quod
1474 2303 1498 2357 ci
1516 2321 1573 2358 mm
1594 2305 1684 2374 aliud,
1703 2308 1758 2364 uisi
1783 2327 1838 2382 pro

132 2387 163 2442 iu
179 2387 302 2442 basilica
317 2388 392 2443 beati
408 2387 483 2442 Petri
501 2384 699 2459 apostolorum
722 2385 863 2459 principis
879 2385 955 2442 intro
1010 2383 1127 2440 illorum
1144 2387 1319 2455 sarrietitatis,
1336 2393 1365 2443 et
1381 2393 1625 2450 remunerationis
1641 2396 1746 2454 arduno
1767 2416 1838 2455 con·

131 2475 271 2548 ospitale,
288 2477 317 2530 in
334 2475 481 2533 cousualis
497 2480 541 2530 est
555 2475 694 2530 unnrinuti
712 2491 792 2546 pape
808 2475 953 2530 dormien-
1009 2473 1133 2530 cessisse
1149 2476 1297 2543 dicmitur,
1315 2479 1407 2549 etqui
1434 2478 1495 2534 haec
1520 2483 1653 2555 t'ruugere
1676 2486 1768 2559 cupit,
1784 2494 1839 2546 aut

130 2565 218 2632 dum;
235 2564 264 2619 in
280 2581 381 2620 earum
398 2562 660 2636 praeordinaverit
677 2564 850 2619 Benedictus
862 2563 954 2619 tremi·
1008 2561 1118 2633 aliquid
1135 2563 1268 2618 minuare
1284 2565 1347 2620 sine
1363 2584 1507 2623 consenc-u
1528 2571 1652 2627 t'ratrum
1676 2575 1837 2648 volueriut,

129 2650 166 2708 lis
183 2652 343 2726 preshyter,
354 2652 409 2708 hac
421 2651 609 2724 pirepositum
620 2651 794 2708 reiterabilis
805 2658 951 2708 monaste-
1007 2651 1131 2706 dubium
1148 2669 1205 2707 non
1222 2653 1271 2720 sii,
1289 2660 1320 2709 ut
1335 2656 1370 2710 ad
1382 2674 1504 2730 regnum
1517 2658 1567 2715 Dei
1580 2662 1673 2733 possit
1685 2667 1835 2724 accedere.

128 2740 162 2797 rii
178 2741 255 2798 beuti
278 2741 370 2798 Patris
394 2740 542 2797 Benedicti
567 2744 596 2795 et
619 2745 724 2796 sanetas
754 2740 949 2807 Scholastica,
1006 2740 1088 2794 'ruric
1104 2741 1209 2812 presul
1222 2741 1396 2798 Benedictus
1408 2742 1466 2800 dira
1477 2764 1544 2802 cum
1556 2749 1683 2824 episcopi
1692 2754 1835 2826 ctjudici·

128 2832 205 2904 quod
221 2830 340 2903 ponitur
356 2831 385 2887 in
398 2828 535 2894 Sabinou,
552 2846 610 2884 uua
625 2846 692 2884 euni
717 2830 845 2885 docrinas
870 2847 949 2900 pres
1006 2828 1061 2884 bus
1077 2829 1149 2883 dixit
1166 2847 1172 2883 :
1191 2831 1273 2886 Locis
1288 2832 1425 2888 omuibus
1442 2836 1613 2893 nominandi
1638 2846 1718 2896 suut.
1735 2843 1771 2900 ut
1787 2845 1833 2901 in·

126 2919 209 2992 byter
222 2924 251 2975 et
272 2918 427 2984 monacho,
444 2923 532 2990 atque
557 2918 660 2973 Petrus
684 2917 753 2972 item
781 2919 924 2973 monacho
941 2933 947 2971 ε
1004 2923 1145 2973 venerunt
1160 2935 1258 2975 massa
1269 2920 1454 2993 terentiana,
1468 2941 1519 2979 seu
1531 2927 1779 3013 Seminariodtem
1790 2932 1831 2991 lo·

126 3025 229 3064 omnes
244 3007 274 3063 hi
295 3025 346 3079 pro
370 3024 404 3062 ex
429 3024 553 3079 persona
578 3005 693 3061 illerum
718 3006 827 3073 abbati,
843 3006 893 3078 qui
909 3005 947 3060 ibi
1004 3024 1082 3074 cum,
1100 3008 1148 3079 qui
1165 3011 1389 3065 recatursancti
1401 3010 1514 3067 Paulini
1526 3031 1593 3071 eum
1604 3018 1829 3080 ecelesiasunoti

126 3095 248 3151 minimo
264 3096 365 3151 aderat
379 3100 621 3166 proptergravem
634 3095 846 3159 infirmitatem,
859 3111 946 3167 quam
1004 3095 1089 3163 Petri,
1106 3096 1262 3168 incipiente
1277 3099 1312 3154 ab
1329 3117 1406 3172 aqua
1420 3107 1449 3157 et
1463 3119 1540 3170 arco,
1556 3105 1604 3176 qui
1625 3111 1746 3166 vocatur
1759 3110 1829 3168 Ber·

126 3181 650 3256 suicorporisdistrictumbabcbat.
668 3182 723 3238 Sed
740 3159 983 3254 predictistdsC
1002 3187 1074 3240 ratu.
1093 3186 1149 3240 Seu
1179 3191 1289 3254 areum,
1315 3188 1364 3261 qui
1392 3195 1512 3246 vocatur
1541 3193 1685 3265 Buviano,
1710 3198 1740 3254 in
1768 3217 1829 3274 quo

124 3271 219 3328 tribus
234 3270 393 3328 nominatis
406 3270 554 3336 monaehi,
567 3270 616 3342 qui
642 3270 746 3341 majori
765 3276 794 3327 et
813 3287 945 3342 perseru-
1002 3271 1124 3328 ecclesia
1135 3273 1830 3358 luitsanctcetlariaedtquomontc‚quivoeatur

124 3362 211 3417 tutori
223 3359 415 3433 suprascripti
427 3358 595 3415 monasterii
608 3359 948 3431 sunt,proelemareruut
1000 3362 1114 3417 Arsule.
1132 3363 1249 3419 Necnon
1266 3365 1407 3435 Punicana,
1424 3386 1487 3441 que
1503 3370 1611 3428 dicitur
1632 3374 1827 3435 Rudimuadi.

122 3449 153 3505 in
168 3453 311 3505 conventu
324 3449 387 3519 J'am
402 3447 472 3504 dieti
489 3447 617 3520 presuli,
635 3447 765 3503 diceutes
782 3465 788 3503 :
1002 3451 1035 3506 lit
1050 3449 1141 3519 locus,
1159 3452 1187 3507 in
1205 3470 1262 3524 quo
1277 3459 1322 3510 est
1337 3472 1414 3527 aqua
1429 3476 1492 3530 que
1509 3460 1617 3517 dieitur
1637 3463 1761 3522 Bellica.
1778 3468 1828 3525 si-

159 3536 291 3604 bomine,
308 3535 493 3592 sanctissime
510 3553 594 3608 papa,
608 3540 638 3591 et
652 3552 702 3591 vos
717 3553 819 3592 omnes
841 3538 945 3610 depre-
1001 3539 1121 3612 mulque
1137 3542 1233 3610 Serra,
1244 3544 1527 3615 quedieitursuucti
1538 3550 1726 3626 loanni,puri
1737 3558 1826 3615 moda

121 3601 224 3683 cimus
238 3630 340 3682 vestrae
355 3625 530 3693 clementie,
544 3630 577 3680 ui
593 3624 718 3680 audiatis
740 3630 828 3698 atque
851 3628 943 3683 inteu-
999 3627 1209 3702 etaliu1n‚qui
1233 3636 1262 3685 et
1285 3631 1417 3688 Autieolo
1442 3641 1578 3708 coeatur,
1595 3644 1624 3696 et
1648 3641 1757 3712 Monte,
1775 3646 1826 3719 qui

119 3716 196 3772 datis
219 3719 324 3772 nostre
349 3713 549 3787 postulationi,
565 3730 654 3786 quam
679 3731 756 3769 uutro
781 3717 868 3771 medo
893 3734 945 3789 per
998 3723 1118 3773 vocatur
1133 3718 1220 3774 Cruto
1238 3737 1244 3774 :
1262 3720 1360 3777 omnia
1375 3721 1431 3778 sibi
1449 3724 1572 3781 im'icem
1589 3729 1779 3791 coherentes.

119 3804 279 3860 triennium
294 3820 407 3860 anuum
424 3803 452 3858 in
468 3807 563 3858 vestro
579 3819 662 3858 sacro
679 3803 882 3860 Lateraneneis
893 3823 942 3877 pa-
1033 3806 1219 3862 (tumentem
1236 3808 1289 3864 has
1306 3809 1376 3866 locis
1393 3814 1551 3871 nominatis
1568 3835 1747 3877 omnescum
1758 3822 1824 3880 illo-

119 3892 189 3950 latio
200 3892 326 3967 egimus,
335 3896 364 3948 et
372 3891 459 3947 modo
468 3892 556 3947 vestri
568 3891 649 3946 auris
659 3896 778 3963 pateant
793 3894 941 3950 audiendi.

119 3981 250 4036 Dicimus
266 3983 301 4036 de
312 3979 368 4035 isto
380 3980 467 4036 Leoui
479 3979 577 4035 abbati
589 3979 757 4034 utonseturii
774 3987 941 4038 sanaturum

119 4070 229 4125 Cosmae
254 4072 283 4123 et
308 4068 453 4135 Damiaui,
474 4068 551 4139 quod
578 4068 697 4138 ponitur
720 4067 748 4121 iu
774 4068 858 4136 Care,
874 4071 942 4142 quin

118 4160 220 4213 ourrtra
233 4155 325 4212 nostri
340 4155 511 4212 monasterii
527 4156 683 4211 insidiatus
694 4161 746 4224 est,
758 4163 787 4212 et
796 4158 883 4213 ctiam
895 4176 942 4216 tes

119 4261 192 4317 quus
206 4249 374 4301 sanctorum
386 4247 503 4299 tuorum
515 4247 733 4299 ariteeessorum
747 4244 836 4316 huius
847 4247 942 4304 cuthe-

117 4335 170 4390 dra
185 4326 384 4406 apostolorum
402 4331 476 4387 Petri
495 4349 545 4403 pro
560 4331 719 4403 privilegiis
732 4350 766 4388 ae
790 4338 941 4408 preceptis

116 4440 150 4480 ex
166 4423 253 4478 vestri
270 4419 371 4478 serirdl
385 4426 485 4478 nostro
501 4421 677 4476 rnorrasterio
696 4438 876 4492 concessere,
892 4425 939 4481 bic

998 3914 1063 3951 rum
1080 3896 1256 3953 terminibus
1271 3899 1300 3953 iu
1311 3900 1375 3969 jam
1392 3901 1460 3957 latis
1474 3904 1703 3979 printegiorum,
1719 3929 1824 3971 enarres

997 3985 1099 4039 dieunt
1114 4002 1130 4039 u
1142 3987 1204 4056 jum
1221 3987 1370 4043 nourinato
1388 3991 1474 4047 Leoni
1491 3994 1600 4066 abbati,
1616 4001 1645 4052 et
1660 4016 1677 4052 u
1692 4016 1823 4059 suecon-

997 4074 1174 4146 gregatioue,
1191 4076 1241 4146 qui
1257 4075 1296 4130 ibi
1314 4077 1434 4134 aderaut
1451 4098 1457 4135 :
1473 4082 1512 4136 Te
1529 4083 1664 4142 audiente
1680 4093 1770 4160 atque
1781 4092 1821 4147 vi-

996 4163 1082 4217 dente
1098 4161 1127 4216 in
1145 4163 1209 4218 istis
1225 4162 1297 4219 locis
1313 4169 1397 4223 vestri
1415 4173 1584 4227 monasterii
1600 4173 1671 4230 nihil
1683 4179 1820 4248 pertinet,

996 4252 1021 4306 si
1037 4268 1093 4305 iton
1109 4256 1153 4306 ost
1164 4268 1308 4308 consensu
1321 4254 1375 4311 boe
1388 4257 1521 4316 fratrum.
1535 4262 1663 4319 Tantum
1673 4266 1822 4336 enim,sie-

996 4341 1037 4395 uti
1054 4338 1149 4412 legere
1161 4342 1298 4409 audictis,
1317 4346 1476 4403 nominatis
1493 4349 1563 4406 loeis
1587 4351 1616 4405 in
1643 4357 1821 4414 mortasterio

995 4429 1088 4484 suncti
1107 4429 1265 4500 Benedicti,
1283 4432 1368 4503 eujus
1384 4452 1430 4491 res
1455 4442 1510 4504 est,
1529 4456 1656 4511 presens
1681 4445 1819 4502 refutent.

115 4511 278 4570 distrahere
293 4528 326 4568 ao
340 4507 524 4582 dissumpere
539 4509 629 4582 eupit.
644 4509 717 4576 Quia
732 4529 848 4568 ornnem
869 4532 935 4586 pes·
952 4538 975 4600 p
995 4517 1061 4573 ium
1078 4519 1296 4592 suprascriptus
1311 4522 1367 4577 Leo
1378 4523 1469 4580 abbas
1480 4542 1547 4582 cum
1558 4529 1740 4603 cognovisset
1750 4535 1822 4591 veri·

115 4597 939 4675 sibilitatemsuimonastsriialiertarit,etnostrum,quod

113 4688 489 4763 eaputest,rnonusteriu1n
500 4688 529 4744 iu
540 4688 642 4744 eadem
657 4687 848 4760 dissipatione
860 4693 941 4764 eupit

113 4779 221 4836 videre.
240 4780 323 4834 'tuuc
340 4777 510 4833 nominatus
527 4775 633 4849 presul
650 4776 720 4831 dum
734 4777 881 4848 judicibus
892 4783 940 4837 ad·

112 4884 230 4925 versum
247 4868 341 4922 beouc
352 4867 457 4923 abbate
465 4865 600 4921 ‹tixerunt
610 4882 616 4919 :
626 4866 685 4920 Cur
693 4869 722 4920 tu
733 4870 938 4941 tantasupers-

64 4976 69 4985 ·
113 4956 215 5012 titione
232 4960 334 5011 contra
349 4955 558 5011 irrunasterium
576 4954 667 5010 salicti
681 4954 828 5010 Benedicti
840 4958 936 5028 egisti,

114 5045 163 5116 qui
179 5061 213 5099 ex
229 5045 294 5112 rnna
308 5044 443 5099 clareti-ina
462 5041 591 5099 ecelestia
614 5042 702 5098 (lelius
726 5046 888 5117 eorieequi‘l
904 5049 938 5102 Bt

113 5133 216 5189 heutua
231 5131 388 5202 Gregorius
405 5130 541 5204 loquitur,
556 5131 657 5185 ‹lic-eus
669 5147 676 5184 :
688 5132 717 5186 ei
730 5136 780 5187 tua
791 5133 937 5191 diruilterc

113 5238 169 5277 nort
186 5221 240 5288 vis,
257 5221 352 5275 alicua
369 5221 432 5274 vide
449 5237 633 5292 irequaqaam
658 5224 803 5291 appetere.
818 5224 858 5276 dd
875 5223 935 5278 lure

113 5308 200 5366 Leom
217 5310 309 5364 abhas
325 5309 426 5363 dicens
443 5325 448 5361 :
466 5308 542 5363 Nulit
558 5307 695 5363 ‹louduus
712 5314 805 5383 utege
818 5311 933 5367 illorum

113 5397 185 5455 loeis
200 5397 242 5452 vel
259 5398 388 5467 aliquam
405 5394 629 5467 [suasibilitatem
654 5399 822 5453 monasterii
840 5401 934 5456 saricti

112 5484 259 5541 benedicti
274 5485 473 5541 abstulissem.
489 5484 544 5539 Sed
560 5502 603 5551 ea,
620 5502 682 5557 qua
698 5486 752 5558 ipsi
773 5490 933 5561 postulant,

112 5575 189 5633 sicat
203 5571 233 5630 in
248 5577 347 5630 nostro
362 5574 527 5630 continetur
540 5570 742 5646 privilegiantis
752 5576 931 5634 detinendu-

996 4609 1158 4676 tatem‚per
1167 4606 1303 4663 baculum
1313 4613 1427 4668 cunctis
1436 4612 1592 4688 locis,qura
1601 4635 1691 4691 stupra
1700 4619 1819 4694 legitur,

995 4711 1061 4749 cum
1087 4712 1142 4751 sua
1164 4696 1253 4751 siniul
1278 4702 1514 4773 congregatione,
1532 4708 1698 4765 nonasterio
1722 4714 1819 4769 sancti

994 4783 1143 4840 Benedicti
1160 4784 1189 4838 in
1205 4786 1342 4844 omnibus
1358 4790 1502 4850 refutavit.
1521 4795 1603 4851 Tunc
1617 4797 1723 4869 presul
1738 4799 1822 4856 simi-

994 4870 1059 4927 liter
1072 4889 1106 4927 ox
1121 4890 1181 4928 urta
1194 4880 1277 4945 pade
1292 4876 1441 4935 irnestivit
1465 4883 1566 4939 dicens
1583 4901 1589 4939 :
1607 4886 1729 4944 Omnem
1755 4907 1819 4947 rem

993 4965 1100 5016 sancte
1115 4961 1254 5029 eeclesia,
1271 4964 1307 5019 de
1323 4982 1381 5038 qua
1396 4967 1494 5026 ablata
1510 4972 1636 5042 lucrant,
1653 4980 1685 5031 ut
1709 4979 1819 5051 preadi-

992 5053 1072 5104 ctum
1088 5055 1133 5107 est
1148 5051 1266 5122 penitus
1282 5060 1458 5125 reuertatur3
1474 5063 1502 5114 et
1517 5061 1545 5115 iu
1567 5062 1661 5135 ipsius
1685 5065 1817 5124 dominio

991 5137 1046 5192 suli
1063 5144 1225 5195 nestrorum
1243 5155 1679 5219 successorumquevestrorum
1691 5160 1819 5227 potcsta-

992 5231 1048 5281 tem
1072 5228 1135 5283 siae
1159 5247 1276 5285 arranem
1300 5233 1525 5306 ambiguitatem
1551 5249 1732 5311 permaneat,
1747 5262 1816 5302 cum

990 5316 1138 5384 omnibus,
1155 5335 1218 5390 que
1234 5336 1251 5375 a
1266 5324 1475 5395 suprascriptis
1492 5325 1562 5382 locis
1572 5330 1731 5400 pertinent.
1743 5334 1817 5390 'luli-

990 5410 1032 5458 ter
1048 5404 1083 5458 ab
1100 5407 1237 5462 uiridibus
1250 5409 1401 5479 ¹judicibus
1413 5413 1518 5469 (laticis
1530 5419 1675 5475 sancitum
1687 5426 1716 5476 ct
1727 5422 1817 5479 invio

991 5491 1117 5549 labiliter
1142 5499 1186 5550 est
1208 5496 1378 5554 diffinitum.
1402 5501 1458 5557 lluc
1483 5503 1628 5576 siquidem
1646 5508 1815 5579 Judiculum

988 5582 1172 5656 precipiente
1189 5585 1296 5643 duutno
1319 5587 1475 5648 Benedicto
1499 5610 1615 5652 sumum
1637 5598 1768 5670 pontiflci
1785 5616 1815 5666 et
