3900 6090
83 274 122 335 ci
581 274 632 338 nn
653 272 953 340 rnivsnirionii
975 278 1007 339 6.
1031 276 1295 342 counanimis.
1333 296 1337 303 ·
1745 244 1788 340 os

85 405 210 461 charum
221 405 361 479 regimen,
372 422 499 480 quarum
510 408 663 482 prolapsos
675 427 772 467 meres
785 428 859 485 aegre
869 410 1022 467 continuit.
1039 411 1113 467 Hinc
1127 416 1195 467 nata
1225 412 1418 485 ervestigandi
1429 411 1559 484 eorporis
1572 414 1680 466 6040104
1690 411 1787 466 Hune-

84 477 196 549 gundis
211 478 336 534 occasio.
351 479 500 552 Augendis
515 480 685 536 monasterii
700 483 745 537 sui
759 483 847 539 rebus
861 482 976 538 11641044
992 429 1394 556 44400164106001066044401401
1409 483 1579 540 Transmari
1589 481 1789 539 Noviomensis

85 548 217 621 episcopi
233 547 372 623 diploma,
394 551 471 623 quod
492 550 550 618 bic,
573 557 672 624 utpote
690 553 837 609 sincerum
854 557 976 625 peractae
988 552 1188 610 translationis
1200 555 1401 623 testimonum,
1417 557 1522 611 referre
1540 555 1634 625 juvat.
1653 576 1666 603 u
1682 553 1740 626 Ego
1757 553 1788 609 iii

85 619 139 674 Dei
151 619 268 676 nomine
283 621 492 689 Transmarus,
509 627 616 678 6600144
627 623 761 679 Ecclesia
773 624 1001 680 vermandensis
1013 641 1045 679 ac
1061 624 1262 681 Noviomensis
1273 626 1413 698 indignus
1425 624 1589 707 episcopus,
1601 627 1703 680 notum
1716 623 1788 680 l'acio

86 696 196 746 6400104
212 689 345 747 Ecclesiae
361 692 507 760 fidelibus,
525 693 554 748 iii
570 700 700 749 nestram
711 694 825 751 venisse
834 694 1019 767 presentiam
1031 697 1168 751 domnam
1180 696 1305 763 Rectam,
1317 695 1547 752 Humelariensis
1559 694 1726 752 monasterii
1738 695 1788 752 ab·

86 761 241 828 batissam,
258 762 409 820 humiliter
421 765 623 836 deprecantem
642 772 672 820 ut
682 764 772 822 altare
785 765 879 822 saneti
889 765 1028 848 Stephani
1039 765 1167 822 ecclesia
1182 783 1246 838 quae
1261 767 1344 823 estin
1360 769 1460 824 eadem
1472 766 1541 822 villa
1553 766 1747 831 Humelarias,
1759 767 1789 822 iri

85 835 177 905 cujus
192 832 315 889 ecclesia
328 835 410 890 sedet
417 837 538 961 praelata
549 837 675 903 abbatia,
688 837 750 892 loeo
761 842 867 893 sanetas
878 837 1012 894 1110440401
1025 843 1132 892 sanctae
1148 838 1340 909 Hunegundis
1355 841 1492 895 daremus
1503 839 1537 892 ad
1549 854 1622 894 0606
1630 854 1789 963 00434040-

85 904 177 959 tionis
191 903 299 961 ibidem
314 905 372 963 Deo
384 922 423 961 mi
437 907 547 962 itantis.
559 909 649 977 Cujus
660 908 830 980 petitionem
840 907 1018 965 insinuando
1027 909 1145 964 domino
1161 909 1305 965 Ludeviee
1318 911 1388 981 regi,
1400 909 1547 981 simulque
1556 910 1740 964 60440οΑ40
1753 910 1790 967 60

85 974 309 1048 archiepiscopo
322 976 456 1033 Ecclesia
472 978 634 1046 Remensis,
652 980 773 1050 suisque
788 979 981 1052 suffraganeis
997 979 1104 1035 nostris
1114 979 1303 1052 coepiscopis,
1333 980 1424 1036 relati
1436 981 1512 1052 regis
1522 979 1655 1051 imperio,
1668 980 1791 1035 domini·

85 1063 146 1118 quc
162 1046 375 1119 metropolitani
391 1053 560 1104 caeterorum
585 1065 619 1104 ue
634 1051 836 1123 episcoporum
853 1049 984 1117 consilio,
1001 1049 1132 1123 petitioni
1143 1055 1203 1105 tam
1216 998 1331 1106 humill
1506 1052 1511 1062 '

86 1134 202 1190 parere.
219 1117 359 1175 Dedimus
373 1135 441 1193 ergo
457 1121 493 1175 ad
505 1066 657 1202 prelatum
669 1120 765 1176 locum
776 1125 883 1177 sanctae
897 1121 994 1177 Mariae
1005 1126 1033 1176 et
1045 1126 1151 1177 sancte
1162 1121 1354 1194 lluuegundis
1370 1123 1520 1194 4444101044
1536 1121 1626 1176 011046
1636 1137 1791 1194 cengrega-

85 1188 163 1245 tioni
177 1189 310 1260 ejusdem
326 1191 496 1247 monasterii
510 1209 539 1246 in
556 1197 729 1265 perpetuum
742 1193 911 1248 habendum
926 1192 990 1249 sirie
1005 1191 1065 1247 ulla
1079 1192 1316 1261 contradictione,
1333 1210 1367 1249 ea
1382 1193 1515 1249 videlicet
1537 1191 1648 1249 ratione
1663 1197 1695 1248 ut
1709 1192 1791 1248 omni

86 1260 246 1317 nnnodues
256 1260 365 1317 solidos
371 1262 558 1318 denariorum
560 1263 718 1389 4404601441,
726 1265 888 1320 secundum
896 1265 972 1336 quod
981 1263 1066 1346 jubet
1077 1264 1245 1330 auctoritas,
1255 1264 1520 1337 propterhonerem
1529 1262 1673 1319 cathedras
1683 1263 1792 1336 episco-

85 1331 176 1404 palis.
187 1332 301 1404 thuia
316 1349 422 1406 corpus
437 1339 544 1390 sancta>
587 1334 762 1407 unegundis,
777 1340 838 1391 tani
852 1335 1026 1391 venerabilis
1041 1334 1172 1407 virginis,
1189 1333 1243 1390 heo
1255 1353 1341 1403 anno,
1358 1335 1415 1390 Deo
1430 1335 1552 1402 volente,
1569 1335 1792 1391 coruscantibus

86 1402 240 1458 miraculis
254 1403 290 1458 de
304 1407 383 1460 terra
397 1404 522 1460 levatum
537 1411 590 1472 est,
609 1406 761 1477 prelatum
777 1406 867 1462 altare
880 1405 1015 1462 dedimus
1030 1405 1162 1479 libenter.
1177 1406 1321 1462 ‚iubemus
1335 1406 1435 1478 itaque
1459 1411 1492 1462 ut
1515 1406 1653 1462 defuncta
1667 1423 1792 1478 persona

86 1478 157 1556 ante
170 1473 339 1547 episcopum
354 1475 517 1531 adducatur
532 1475 632 1543 altera,
646 1478 692 1532 cui
709 1477 785 1533 idem
808 1477 963 1603 episcopus
983 1476 1074 1532 altare
1098 1477 1300 1549 prescriptum
1316 1477 1379 1533 sine
1395 1477 1519 1550 pecunia
1533 1479 1630 1545 donet,
1647 1481 1675 1533 61
1689 1492 1790 1534 004040

86 1561 255 1600 animarum
272 1548 466 1603 commendet.
483 1549 517 1602 St
531 1552 564 1602 ut
576 1548 630 1604 hoc
646 1550 756 1603 donum
772 1548 937 1605 inviolabic
952 1554 1122 1620 permaneat
1143 1552 1171 1603 et
1193 1547 1409 1615 inconvulsum,
1426 1549 1503 1604 hanc
1518 1548 1649 1604 chartam
1665 1548 1792 1604 scribere

1323 1051 1388 1106 imae
1401 1053 1582 1106 decrevimus
1598 1049 1790 1106 libentissime

85 1615 286 1688 precipimus,
297 1621 326 1673 et
335 1617 420 1690 signe
431 1618 527 1674 crucis
537 1618 755 1690 insignivimus,
769 1619 999 1691 auctoritateque
1010 1623 1117 1675 sanctie
1127 1618 1278 1675 Trinitatis
1288 1619 1391 1686 Patris,
1401 1624 1430 1674 et
1440 1619 1514 1685 Filii,
1522 1625 1550 1675 et
1560 1619 1686 1692 Spiritus
1697 1623 1781 1674 sanct

85 1687 418 1756 excommunicavimus,
435 1695 464 1745 et
479 1689 660 1746 alimiribus
676 1695 782 1746 sanctae
798 1689 931 1746 Ecclesia
946 1707 1048 1747 omnes
1059 1689 1124 1746 illos
1135 1689 1186 1761 qui
1202 1692 1354 1762 prefatum
1371 1690 1461 1746 altare
1476 1689 1567 1746 aleco
1580 1695 1687 1745 sanctae
1698 1690 1793 1746 Hunc·

130 1757 198 1839 ndis
210 1759 237 1813 vi
253 1764 305 1814 aut
318 1759 435 1832 ingenio
446 1761 630 1816 abstulerint.
644 1763 673 1817 S.
691 1761 828 1817 Ludevici
841 1761 928 1834 regis.
941 1761 970 1816 S.
981 1759 1244 1842 Gerbergaereginie
1255 1765 1284 1816 et
1293 1762 1322 1817 S.
1337 1760 1791 1885 1014041611164066.11040416

109 1845 184 1886 ucis.
197 1829 228 1886 S.
244 1829 388 1886 Heriberti
403 1832 529 1887 comitis.
547 1834 576 1887 S.
592 1833 703 1888 Arnuld
721 1832 871 1888 marchisi.
894 1832 924 1887 S.
948 1831 1089 1888 Adclelmi
1115 1830 1227 1886 militis
1253 1832 1282 1887 S.
1309 1831 1443 1887 ltainaldi
1458 1831 1569 1887 miiitis.
1586 1833 1615 1886 S.
1632 1831 1711 1887 'l'liee
1733 1831 1792 1887 aldi

86 1900 203 1956 militis.
215 1901 246 1957 S.
257 1900 384 1957 llclberti
393 1902 505 1958 militis.
518 1904 548 1959 S.
561 1904 682 1959 Eurardi
694 1904 805 1958 militis.
818 1904 847 1959 S.
863 1902 993 1959 Gerberti
1005 1902 1116 1958 militis.
1134 1903 1162 1958 S.
1174 1902 1285 1958 Arteldi
1301 1902 1449 1959 Semeusis
1464 1901 1684 1975 archiepiscopi.
1698 1902 1727 1958 S.
1740 1903 1793 1958 lto·
1831 1962 1837 1969 ,

85 1970 161 2027 dnlti
177 1972 382 2029 Laudunensis
397 1975 536 2056 episcopi.
554 1976 584 2031 S.
602 1975 771 2031 Transmari
782 1975 983 2030 Noviomensis
993 1973 1132 2047 episcopi.
1149 1974 1178 2029 S.
1192 1974 1302 2029 Abonis
1313 1973 1634 2046 suessionensisepisco
1656 1973 1676 2027 i.
1687 1974 1716 2030 S.
1729 1974 1792 2030 Ste-

85 2043 180 2169 thani
191 2042 372 2125 Merinorum
380 2061 518 2118 episcopi.
532 2046 561 2101 S.
572 2045 685 2102 Geraldi
696 2045 900 2102 Ambianensis
913 2061 929 2101 6
950 2045 1053 2118 iscopi.
1065 2045 1094 2101 S.
1105 2045 1243 2116 lngranni
1251 2045 1469 2102 Cameraceucis
1479 2044 1618 2117 episcopi.
1630 1990 1660 2100 p
1672 2043 1791 2100 Gildrici

118 2113 248 2169 eldensis
263 2115 401 2188 episcopi.
416 2116 445 2172 S.
457 2116 571 2189 Evagrii
582 2116 903 2190 Triectensisepiscopi.
914 2063 949 2173 ἕ
961 2115 1109 2173 1110604041
1125 2116 1241 2172 abbatis
1258 2117 1350 2172 saneti
1367 2116 1501 2190 Remigii.
1517 2118 1621 2172 Actum
1638 2116 1790 2171 Lauduno.

85 2184 206 2241 Clavato
221 2202 298 2241 anne
313 2186 470 2242 Dominieae
482 2187 692 2244 incarnationis
704 2188 766 2254 947,
783 2186 1109 2261 (4004101606Α4441116.,
1124 2187 1283 2243 indictione
1298 2205 1325 2255 v,
1341 2192 1442 2260 epacta
1456 2205 1531 2250 xxvi,
1548 2191 1686 2260 regnante
1696 2187 1791 2243 Lude·

86 2255 158 2382 lim·
166 2271 234 2330 rege
249 2274 326 2340 aprio
336 2275 397 2340 4444..
408 2257 470 2340 060
481 2260 620 2315 61000006
631 2259 784 2332 6041461161
800 2259 901 2332 relegit
910 2258 970 2314 vice
981 2256 1792 2331 6140660Β40146441401610640011041160041011400604041

88 2344 321 2385 ioviomansise
343 2344 403 2385 iseo
425 2347 444 2384 i.
462 2351 476 2379 4

123 2399 277 2455 Neminem
294 2346 499 2472 mliveatpqued
515 2401 711 2456 Transmarus
727 2400 882 2473 episcopus
896 2405 1008 2458 asserat
1022 2401 1071 2457 licc
1085 2400 1790 2474 00406011614410440116,16661044061441611947,

88 2468 283 2543 Hunegundis
297 2470 419 2554 virginis
434 2489 540 2544 eorpus
554 2472 588 2528 dc
602 2474 801 2528 14440104010444
816 2473 917 2540 luisse,
930 2488 997 2528 cum
1012 2471 1077 2545 ipsa
1086 2472 1287 2528 translationis
1302 2478 1366 2529 acta
1380 2490 1490 2528 annum
1500 2473 1553 2528 946
1564 2474 1728 2545 praeierant.
1741 2472 1792 2528 His

90 2540 170 2597 cuim
186 2542 283 2597 verbis
296 2546 418 2598 antistes
432 2545 574 2599 rationein
590 2543 676 2599 hahet
692 2561 748 2599 non
765 2543 834 2598 anni
850 2542 1017 2609 Christiani,
1035 2544 1086 2600 sed
1101 2543 1169 2598 anni
1185 2544 1305 2599 revoluti
1322 2544 1554 2601 atranslatione.
1575 2544 1605 2599 ln
1623 2544 1791 2616 diplomatis

90 2612 183 2684 hujus
194 2613 460 2686 subscriptionibus
470 2615 528 2670 due
540 2616 668 2670 notanda
681 2612 848 2678 oceuirunt,
863 2631 929 2670 nem
952 2613 1048 2670 cillud
1061 2614 1091 2669 iii
1103 2613 1218 2687 publico
1228 2616 1431 2687 episcoporum
1442 2632 1475 2671 ac
1485 2632 1636 2687 procerum
1648 2619 1791 2671 conventu

92 2683 227 2739 Laudnni
241 2701 414 2741 concessum
430 2686 539 2741 luisse:
556 2685 660 2742 deinde
672 2686 875 2758 episcoporum
891 2632 1120 2757 suiscriptienes
1136 2685 1183 2740 hic
1197 2703 1349 2757 procerum
1370 2686 1501 2741 emnium
1525 2686 1791 2758 subscriptionibus

130 2755 229 2827 stponi
265 2760 348 2812 446104
362 2755 481 2812 solitum
496 2774 619 2825 morem,
636 2759 734 2813 l'orsan
751 2758 828 2829 quod
844 2756 901 2830 ipsi
913 2760 980 2830 pest
995 2775 1025 2811 re
1046 2773 1093 2811 eni
1107 2756 1247 2812 continua
1262 2756 1336 2813 serie
1351 2774 1443 2811 urium
1460 2761 1591 2812 tenerent
1602 2756 1790 2812 instrumenti

90 2771 188 2887 liius:
204 2773 392 2883 ecciesiastici
406 2844 474 2883 vero
489 2828 590 2884 eodem
605 2827 706 2884 ordine
720 2827 799 2884 aliud
814 2831 1004 2900 occuparunt.
1020 2772 1062 2882 id
1078 2826 1193 2881 Bertum
1209 2832 1345 2883 revertor.
1726 2897 1731 2908 Ι

127 2898 156 2952 3.
168 2896 402 2971 Haudquaquam
411 2898 484 2955 latos
495 2900 683 2955 diuturnosve
694 2916 849 2955 successus
857 2899 986 2955 habuere
995 2897 1129 2970 piissima
1138 2899 1231 2953 beata
1241 2898 1396 2954 abbatissae
1407 2898 1514 2965 studia,
1526 2914 1590 2969 quae
1604 2898 1790 2970 vergentibus

90 2967 122 3023 in
139 2968 283 3025 deteriora
299 2969 509 3026 monacharum
526 2971 633 3025 animis
648 2971 703 3026 sub
716 2970 792 3026 idem
815 2975 932 3043 tempus
955 2969 1018 3025 loco
1041 2968 1138 3035 cessit,
1155 2972 1206 3024 001
1220 2970 1316 3025 104604
1333 2968 1475 3024 exstincta
1489 2973 1542 3025 est.
1558 2968 1632 3024 Nam
1647 2986 1724 3024 anno
1737 2970 1791 3024 968

89 3038 203 3094 evocati
216 3057 231 3095 6
246 3040 417 3167 1164041000
431 3042 511 3114 0406
525 3042 630 3098 Remos
645 3040 815 3097 archisterio
831 3040 967 3097 monaehi
983 3039 1167 3096 Humelarias
1182 3040 1346 3107 subierunt,
1367 3041 1487 3096 duetore
1501 3041 1626 3096 Bernere
1641 3040 1790 3095 meliorem

89 3110 157 3166 loce
172 3110 280 3167 lainam
297 3129 326 3168 re
349 3111 448 3168 dituri.
465 3113 497 3169 ld
510 3114 615 3169 decent
627 3113 763 3169 Ludovici
779 3111 979 3168 Transmarini
996 3111 1109 3178 littera,
1126 3111 1233 3182 quibus
1248 3111 1373 3167 subinde
1387 3111 1515 3167 ioannes
1529 3111 1589 3178 XII,
1603 3111 1791 3183 pontificatus

90 3197 170 3236 anne
184 3181 379 3255 restipulatus
389 3188 443 3239 est.
456 3183 611 3240 Praeleetus
627 3184 841 3240 Humelariensi
857 3183 986 3239 caenobio
1001 3183 1153 3250 Bernerus,
1162 3183 1269 3237 mirum
1280 3186 1326 3237 est
1355 3187 1479 3237 uantum
1491 3188 1519 3238 et
1530 3182 1663 3237 decorem
1674 3182 1793 3237 acbona

89 3251 249 3309 contulerit
261 3269 267 3309 :
280 3254 388 3327 quippe
402 3254 578 3311 nobilissimi
590 3256 644 3311 sub
655 3272 688 3311 eo
700 3254 754 3310 viri
769 3254 951 3311 monasticen
966 3253 1102 3380 amplecti
1113 3253 1291 3326 gestierunt:
1304 3255 1333 3308 iii
1366 3254 1391 3309 is
1400 3254 1601 3310 landebertus
1610 3253 1791 3319 Quintiniaiii

90 3341 108 3379 o
130 3323 193 3396 pidi
209 3325 372 3396 4440160106,
383 3342 450 3381 cuni
465 3326 568 3382 vicinis
578 3327 723 3382 militibus
742 3327 849 3382 ibidem
862 3324 1010 3381 6040010446
1022 3325 1122 3380 edixit.
1133 3326 1282 3380 Acclama
1297 3325 1421 3380 Bernero
1431 3341 1492 3380 rein
1503 3324 1676 3380 familiarem
1687 3324 1792 3396 probat

119 3394 314 3452 umolariense
329 3396 520 3463 chartarium,
532 3415 567 3453 es
581 3414 639 3470 que
654 3397 806 3470 catalogus
816 3398 957 3453 abbatum
970 3397 1047 3469 apud
1064 3396 1359 3452 Sancta-marthanos
1375 3396 1569 3469 perficiendus
1579 3401 1633 3451 est.
1646 3398 1728 3451 Anne
1738 3396 1791 3451 964

91 3471 243 3538 superstes
253 3466 375 3524 llorebat
387 3468 540 3536 bernerus,
550 3486 617 3524 0044
626 3468 837 3524 alumnossuos
853 3468 889 3523 ad
901 3467 1072 3523 lnsnlannm
1084 3466 1293 3533 Quintinianio
1316 3467 1375 3540 pidi
1386 3467 1597 3524 monasterium
1609 3467 1732 3533 dimisit,
1740 3466 1792 3540 qui

91 3537 195 3607 eiectis
209 3537 367 3595 malesanis
382 3538 504 3605 clericis,
520 3541 698 3595 monasticas
709 3539 781 3594 inihi
793 3538 871 3611 leges
885 3538 1087 3594 instituerunt.
1100 3537 1216 3595 Berneri
1228 3485 1378 3594 1400144110
1392 3539 1432 3595 De
1447 3539 1477 3595 S.
1493 3538 1685 3611 Hunegundis
1695 3542 1791 3594 trans-

92 3608 202 3664 latiene
217 3609 325 3666 desinit
339 3610 369 3665 in
384 3610 580 3682 descriptione
595 3610 804 3666 miraculorum
820 3627 884 3683 quie
899 3615 967 3666 ante
978 3626 1088 3665 annum
1102 3610 1157 3664 965
1171 3613 1287 3682 patrata
1301 3614 1382 3666 sunt.

128 3681 156 3734 4.
170 3679 235 3736 Alia
248 3681 313 3752 ejus
327 3681 449 3755 virginis
464 3682 617 3738 translatio
634 3699 685 3737 seu
700 3681 829 3754 corporis
844 3681 969 3736 mutatio
984 3685 1088 3752 quarto
1103 3681 1172 3737 ldus
1186 3680 1290 3736 lunias
1306 3681 1373 3736 anni
1391 3681 1458 3737 4051
1476 3680 1633 3737 altlacario
1653 3679 1791 3736 Humela-

93 3751 193 3816 riensi,
205 3751 333 3808 Gerardo
343 3752 480 3809 lnsnlauo
496 3755 573 3826 apud
589 3755 752 3825 Augustam
766 3751 1049 3817 veromanduorum,
1063 3751 1186 3807 Rainero
1201 3752 1230 3807 S.
1247 3752 1375 3823 Proejeeti
1391 3756 1419 3807 et
1432 3751 1608 3808 Walcranno
1618 3753 1647 3807 S.
1660 3751 1791 3817 Quintini

93 3822 129 3877 de
142 3821 241 3878 ldonte
256 3840 345 3896 prope
360 3823 501 3880 Perenam
511 3825 667 3881 abbatibus
682 3824 826 3880 celebrata
836 3826 890 3878 661.
903 3823 974 3878 Rem
987 3823 1082 3878 insius
1092 3828 1191 3877 narrat
1199 3839 1364 3895 anonymus
1373 3823 1586 3894 ejustemporis
1594 3823 1728 3894 scriptor,
1740 3823 1790 3894 qui

94 3892 210 3950 Berneri
225 3893 379 3950 historiam
413 3901 563 3951 ersrcutus
581 3900 635 3951 est..
648 3896 715 3951 Post
731 3894 801 3959 haic,
813 3894 841 3949 id
856 3897 901 3949 est
915 3910 991 3949 anno
1005 3895 1068 3959 878,
1086 3893 1258 3948 duodecimo
1273 3892 1418 3949 Kalendas
1433 3892 1622 3964 Septembris,
1639 3893 1742 3949 Petrus
1757 3908 1791 3949 ec

94 3964 213 4020 nemine
225 3912 471 4022 secundusaibas
488 3966 856 4026 Humelariensisconllata
863 3965 1086 4038 exquisitissimi
1097 3965 1193 4037 operis
1201 3964 1328 4020 thecaS.
1340 3964 1532 4037 Hunegundis
1543 3963 1681 4035 reliquias
1690 3963 1790 4020 ineam

93 4036 193 4091 inferri
210 4037 322 4092 curavit
335 4054 387 4109 per
400 4036 635 4093 illustrissimum
650 4035 838 4093 Guillelmum
854 4035 1049 4103 1104060104,
1061 4036 1232 4109 episcopum
1245 4036 1482 4102 Noviomensum,
1494 4036 1540 4090 cui
1556 4034 1684 4091 loannes
1700 4035 1791 4090 abbas

93 4107 123 4161 S.
139 4108 271 4173 Quintiui
287 4107 456 4174 lnsnlanns,
470 4108 598 4166 1000466
607 4108 815 4180 Praejectensis,
826 4108 954 4164 loannes
968 4107 1156 4173 Aroasiauus,
1167 4106 1295 4163 loannes
1304 4105 1542 4174 vermandensis,
1553 4106 1662 4178 aliique
1674 4122 1741 4162 cuin
1757 4123 1791 4162 ex

92 4178 180 4247 clero,
202 4182 265 4234 tuin
285 4195 320 4235 ex
336 4179 481 4235 militibus
503 4180 556 4235 viri
580 4180 711 4253 primarii
740 4179 886 4235 astabant.
916 4179 991 4234 Tum
1015 4178 1106 4234 abbas
1129 4178 1360 4235 Humelariensis
1384 4193 1473 4234 uriam
1494 4194 1510 4233 e
1539 4182 1646 4234 sancta
1669 4178 1791 4253 virginis

93 4249 183 4305 costis
198 4250 342 4306 Lndovico
356 4251 395 4306 x1
408 4251 584 4307 Francorum
596 4251 666 4323 regi,
678 4249 766 4307 aliam
775 4249 929 4306 Guillelmc
939 4248 1123 4305 Noviomensi
1133 4249 1279 4322 0441600440,
1288 4250 1402 4306 tertiam
1410 4249 1537 4321 denique
1546 4249 1655 4305 decano
1664 4253 1692 4304 ct
1701 4265 1791 4305 cane-

94 4320 169 4375 nicis
183 4320 341 4395 collegiata
356 4322 386 4378 S.
402 4322 532 4388 Quintini
548 4322 675 4378 ecclesie
690 4322 843 4378 concessit.
859 4321 1028 4377 Coniectum
1044 4320 1099 4377 hac
1114 4321 1150 4376 de
1165 4337 1195 4376 re
1210 4321 1439 4377 instrumentum
1450 4337 1526 4375 anno
1537 4321 1646 4375 167910
1658 4321 1790 4392 ejusdem

93 4392 125 4447 S.
136 4392 328 4465 Hunegundis
341 4394 428 4448 theca
441 4398 588 4465 repertum
604 4397 657 4460 cst,
671 4410 738 4450 curii
747 4392 1020 4448 humolariensibus
1035 4392 1098 4447 suis
1113 4392 1241 4448 redditas
1261 4397 1368 4448 sanctae
1381 4391 1504 4464 virginis
1520 4391 1668 4463 reliquias,
1680 4408 1743 4463 quia
1754 4389 1790 4446 ob

93 4462 237 4519 bellorum
244 4465 488 4537 tempestatesdiu
499 4466 575 4537 apud
585 4467 749 4548 Augustam
759 4464 1030 4521 Veromanduorum
1039 4464 1163 4520 detentae
1178 4463 1304 4528 fuerant,
1321 4463 1539 4519 illustrissimus
1551 4460 1792 4542 FranciscusCla3

93 4535 259 4591 4004041106
271 4535 473 4593 Noviomensis
489 4536 754 4608 0011616664066640
770 4536 838 4591 0041
853 4553 882 4591 vi
895 4535 1041 4591 Kalendas
1055 4535 1072 4590 1
1075 4533 1150 4590 01106
1166 4540 1267 4606 0446410
1281 4533 1367 4590 114600
1380 4533 1497 4601 detexit,
1514 4538 1543 4589 et
1556 4534 1657 4589 habita
1667 4531 1791 4588 solemni

94 4605 234 4663 concione
244 4610 331 4679 atque
345 4606 567 4681 supplicatione,
581 4606 687 4680 populo
702 4607 883 4664 venerandas
899 4605 1039 4662 0414114011.
1055 4605 1121 4662 Jam
1138 4604 1350 4662 Translationis
1364 4605 1517 4662 historiam
1532 4604 1692 4661 videamus.

671 4820 928 4920 PROLOGUS
956 4820 1219 4916 thetonis,

110 4970 917 5053 161030011661410044416144116,(4011406044140100611606
929 4980 957 5045 Α
971 4995 1053 5051 spem
1069 4977 1197 5046 roborat,
1214 4982 1302 5050 atque
1317 4974 1394 5032 circa
1404 4973 1492 5030 divini
1504 4969 1602 5030 cultus
1610 4970 1747 5031 exercitia
1756 4971 1792 5030 ad

92 5065 199 5121 merita
209 5065 360 5137 justorum
376 5067 529 5140 propalare
539 5068 687 5141 dignatur,
700 5068 770 5123 dum
779 5067 856 5123 fideli
867 5067 916 5123 de·
970 5067 1044 5122 hene
1057 5068 1202 5141 agendum
1215 5067 1282 5123 sorti
1295 5066 1400 5121 annisu
1413 5064 1503 5120 040411
1514 5064 1643 5131 hracliia;
1653 5068 1793 5135 tantoque

92 5155 208 5210 votione
232 5170 315 5211 mens
330 5154 461 5212 humanu
485 5158 644 5226 scrutatur,
670 5174 688 5212 a
715 5157 761 5212 sui
789 5155 917 5228 torporis
971 5155 1109 5211 66641106
1133 5154 1298 5228 prorumpit
1319 5153 1355 5208 ad
1379 5153 1474 5219 tortia,
1498 5158 1609 5226 quante
1638 5153 1793 5226 gloriosius

92 5242 917 5318 ignaviacrigitnranimus·,etquiaejusdemconditionis
971 5245 1111 5317 perspicit
1125 5259 1227 5299 sexum
1247 5241 1424 5314 fragiliorem
1450 5241 1529 5298 clara
1553 5244 1705 5316 signorum
1728 5239 1793 5296 luce

91 5348 152 5404 qua
165 5336 195 5387 61
208 5331 271 5404 ipsc
281 5332 429 5401 subsistit,
442 5333 533 5391 luisse
543 5332 686 5407 conspicit
697 5350 771 5407 quos
781 5334 916 5401 miratur,
971 5332 1185 5405 splendentem.
1208 5330 1421 5403 aggrediamur
1443 5348 1512 5405 erge
1537 5331 1632 5388 medis
1655 5329 1793 5404 qualibus

91 5420 202 5493 quihus
213 5418 478 5481 nullameritorum
489 5423 750 5497 praerogativas&
761 5418 917 5478 soladiviui
971 5421 1102 5476 valemus
1117 5419 1251 5492 quadam
1263 5419 1419 5493 perspicua
1433 5438 1552 5477 narrare
1563 5418 1716 5486 miracula,
1728 5435 1793 5491 quae

91 5508 227 5565 muneris
236 5508 341 5582 gratia,
349 5514 432 5567 tanta
440 5510 586 5567 virtutum
595 5510 704 5585 insigni
716 5527 844 5584 superna
853 5526 918 5566 con·
971 5507 1115 5567 Dominus
1138 5508 1169 5563 in
1185 5508 1362 5565 beatissimae
1379 5509 1502 5583 virginis
1522 5526 1582 5565 sura
1600 5505 1794 5582 Hunegundis

91 5598 181 5656 cessit
191 5597 356 5667 clementia,
367 5600 404 5655 ad
418 5599 479 5657 hoee
489 5601 682 5675 promerenda
696 5600 784 5657 sidem
798 5599 916 5668 excitat,
973 5595 1309 5671 translationedignatus
1319 5603 1364 5655 661
1373 5599 1584 5655 demonstrare.
1593 5595 1793 5671 Utilequidem
