3908 6082
134 328 194 391 623

682 325 846 389 Absarus
868 321 1083 385 besvensis
1108 324 1283 386 ABBATlS.

1782 325 1845 385 624

134 460 245 533 collegii
264 461 380 517 beatum
392 461 566 525 Maternum,
577 461 733 517 'treverice
744 458 869 514 civitatis
884 473 956 530 pon·
970 456 999 523 A
1014 455 1049 511 ad
1070 457 1266 530 cognitionem
1283 458 1342 512 veri
1360 457 1409 513 Dei
1427 473 1443 512 a
1458 457 1718 529 superstitionibus
1733 457 1844 514 demo·

133 549 253 616 filicem,
272 550 509 623 Rhemorumque
528 555 664 605 sanetum
680 548 833 614 Sinicinm,
850 545 960 603 Medio-

132 639 322 695 matricorum
337 656 404 695 vero
419 638 611 709 Clementem,
629 637 753 694 Felicem
769 641 856 708 atque
871 633 960 690 Cele-

132 730 219 795 stem,
231 726 404 783 Memmium
417 732 514 784 autem
525 725 784 783 catalaunensium
800 725 892 781 fuisse
901 740 960 779 noa

132 813 394 872 dubitamuscum
409 816 518 888 quibus
532 816 619 871 etiam
635 815 714 870 hunc
730 815 848 870 beatum
863 813 960 867 virum

133 903 276 959 consortis
300 903 457 960 ministerii
473 904 614 976 collegam
641 905 844 975 deputaverat3
861 904 961 972 utpote

133 992 220 1063 longo
231 992 395 1064 apostolice
414 992 606 1048 sublimitatis
622 991 758 1047 exercitio
769 992 917 1055 edoctum,
929 1005 962 1044 ac

135 1080 261 1136 caelestis
275 1080 436 1151 magisterii
448 1081 625 1152 experientia
636 1082 666 1136 in
680 1080 794 1136 aurietis
809 1080 963 1135 adsumme

136 1169 369 1241 corriprubatam.

456 1277 572 1332 carta
597 1277 641 1331 lV.

138 1366 219 1439 (lead
234 1367 279 1420 bie
291 1367 370 1436 priam
389 1383 404 1420 a
426 1366 499 1421 lena
517 1367 596 1421 Petro
615 1368 672 1437 ipsc
690 1365 842 1431 ardr'aalaa,
862 1363 964 1419 Gallias

242 1440 392 1509 inpressas,
409 1437 576 1493 Lceclrorara
591 1439 686 1493 rtrlrcra
700 1437 866 1509 aggreditur.

172 1529 263 1592 Quem
279 1525 413 1581 uidelicet
430 1526 552 1597 mrq'eris
575 1525 727 1597 dignitatis
742 1530 771 1580 et
785 1525 885 1596 gratie
901 1538 966 1580 csse

135 1616 304 1684 decernens,
321 1615 497 1687 pontificalis
517 1615 702 1671 auctoritatis
723 1613 875 1687 privilegio
898 1629 968 1684 pre.

136 1703 271 1770 munivit,
283 1707 314 1757 ut
324 1702 539 1775 praedicationis
551 1702 656 1758 divine
674 1702 907 1758 enrelumentum
918 1717 965 1757 sa-

1015 560 1086 600 num
1104 546 1270 614 revocabat;
1287 546 1398 618 eligens
1413 547 1511 618 potius
1527 545 1844 603 diversiscruciatibus

1015 650 1048 689 ae
1059 634 1212 707 suppliciis
1223 651 1330 707 corpus
1341 651 1405 691 esse
1419 635 1606 702 tradendum,
1616 651 1706 706 quam
1722 634 1753 691 id
1765 632 1844 707 quod

1015 809 1846 885 salutisministeriumdeclinaret.Instabatigituruego-

1015 899 1056 954 tio
1067 906 1286 971 perseveranter
1297 901 1374 973 quod
1386 902 1660 973 repertumque
1675 900 1844 972 supradicto

1016 989 1132 1060 negotio
1148 989 1301 1045 indelessa
1312 988 1435 1045 solertiae
1447 989 1561 1044 dierum
1574 989 1746 1062 subigerent
1756 988 1847 1044 curri·

1016 1077 1083 1132 cula
1098 1078 1270 1148 plurimum,
1287 1078 1415 1134 rumoris
1440 1078 1530 1149 liujus
1553 1076 1692 1133 solemnis
1709 1078 1846 1148 frequen·

1016 1166 1058 1221 tia
1073 1167 1108 1221 ad
1124 1167 1260 1221 notitiam
1276 1168 1384 1239 reginen
1402 1170 1557 1240 protertur,
1575 1166 1621 1222 cui
1638 1165 1801 1221 familiares
1814 1184 1846 1222 ac

1018 1255 1168 1310 domestici
1183 1256 1349 1328 adjungunt
1363 1256 1433 1311 talia
1448 1257 1614 1322 relerentes,
1629 1256 1732 1311 adesse
1747 1255 1847 1310 videli-

1019 1347 1063 1398 cet
1079 1345 1249 1414 quemdam,
1265 1345 1359 1417 patria
1381 1346 1500 1416 quidem
1526 1344 1724 1417 peregrinum,
1741 1360 1847 1416 genere

1019 1432 1164 1504 ignotum,
1185 1434 1274 1489 aflectu
1298 1433 1485 1502 dissimilem,
1502 1433 1584 1487 vultu
1608 1437 1636 1488 ct
1660 1431 1764 1488 habitu
1791 1431 1846 1488 sibi

1019 1522 1136 1593 penitus
1147 1540 1205 1578 non
1218 1540 1282 1579 esse
1293 1528 1470 1593 consortem,
1478 1522 1644 1577 conditione
1659 1526 1758 1577 tamen
1769 1520 1849 1577 Chri·

1018 1611 1122 1669 stiane
1133 1611 1200 1666 fidei
1210 1627 1274 1667 esse
1285 1610 1437 1679 cultorem,
1450 1611 1487 1666 ab
1501 1610 1589 1666 ltalie
1606 1609 1724 1682 penitus
1734 1610 1850 1667 venien-

1021 1705 1090 1768 tem,
1107 1700 1144 1756 ab
1160 1716 1193 1756 eo
1209 1716 1296 1772 quem
1317 1700 1516 1756 Roaranornm
1536 1716 1605 1772 pars
1630 1699 1762 1755 maxime
1776 1713 1848 1756 vere

136 1792 293 1847 cerdetatis
308 1791 397 1847 oflicii
422 1792 597 1862 precederet
627 1796 854 1848 sacramentnm.
872 1790 966 1862 lmpe·
982 1823 1006 1889 B
1022 1789 1088 1844 fidei
1104 1787 1276 1863 signiferum
1287 1793 1315 1846 et
1330 1805 1437 1861 papam
1447 1788 1596 1860 sequitur;
1614 1805 1645 1844 se
1657 1805 1674 1843 a
1685 1788 1769 1844 Petra
1784 1803 1848 1846 esse

136 1881 214 1935 rium
231 1881 328 1950 itaque
353 1879 486 1952 magistri
507 1880 665 1935 eminentis
685 1885 840 1936 exsecutus
856 1878 905 1950 lul.
923 1894 968 1938 ex.

138 1967 282 2039 sequitur]
318 1968 442 2039 perfecte
477 1967 658 2040 discipulus,
695 1972 826 2024 armatus
860 1967 966 2034 edicto,

139 2057 302 2111 instructus
317 2055 443 2128 eloquio,
455 2056 593 2113 obediens
612 2057 641 2111 in
663 2056 826 2129 preceptis,
845 2056 922 2111 fidus
937 2055 966 2110 in

140 2143 396 2217 promissionibus,
413 2144 506 2200 lloma
530 2161 677 2217 egressus,
702 2161 754 2216 per
779 2144 967 2217 longissimos

136 2234 200 2305 jam
216 2233 285 2289 dicti
301 2233 414 2290 itineris
430 2233 700 2289 anfractusabeata
718 2233 800 2289 Petro
811 2232 965 2306 corporali,

141 2339 199 2378 aon
216 2323 323 2378 mentis
339 2323 449 2377 intuitu
461 2327 624 2393 separatus,
634 2322 792 2394 longinque
803 2322 966 2395 peregrina-

144 2411 213 2466 tioni
230 2427 281 2482 pro
292 2411 399 2466 Christi
413 2427 501 2483 regno
517 2428 547 2467 se
564 2411 639 2466 ultro
656 2411 825 2482 subjiciens,
840 2411 968 2468 Leucho·

142 2516 208 2554 rum
224 2499 305 2556 urbis
316 2517 347 2556 se
358 2501 471 2572 epithus
481 2499 590 2581 iqtulit,
604 2500 632 2555 in
644 2500 744 2556 omnia
754 2499 966 2572 suppliciorum

141 2589 312 2660 perferenda
322 2593 501 2660 preparatus
512 2605 628 2661 genera.
641 2590 708 2655 One
718 2587 852 2645 videlicet
865 2589 966 2646 civitas

140 2678 226 2748 aquis
239 2677 358 2750 irrigua,
374 2677 492 2749 pascuis
508 2677 666 2745 uberrima,
683 2694 835 2732 murorum
851 2676 965 2735 ambitu

135 2765 964 2838 jucunda,serisetturribussecusundiquepremunita,

138 2854 283 2910 idolorum
299 2858 397 2911 mmen
412 2854 550 2911 sordibus
560 2871 771 2927 usquequaque
784 2854 896 2927 polluta
906 2856 965 2912 fue·

139 2948 183 2998 rat
193 2948 221 2998 et
231 2942 362 3000 confusa.
373 2943 464 2998 Melas
476 2944 574 3015 itaque
585 2945 703 3015 prefate
713 2944 839 3000 civitatis
848 2944 964 3001 Christo

138 3031 211 3086 duce
233 3048 266 3085 ac
288 3031 364 3086 beari
382 3031 456 3085 Petri
474 3032 579 3102 previa
603 3032 775 3087 auctoritate
800 3033 962 3105 ingressus,

138 3118 322 3173 barbaricam
339 3118 560 3174 multitudinem
580 3118 653 3174 nihil
668 3120 790 3188 veritus,
805 3137 878 3177 vere
895 3122 961 3178 fidei

1022 1878 1147 1934 missum
1157 1878 1299 1934 veraciter
1306 1881 1495 1947 asserentem,
1503 1878 1595 1933 Deum
1606 1875 1670 1933 coeli
1682 1877 1847 1933 hominum·

1022 1983 1078 2038 que
1093 1968 1231 2024 factorem
1248 1967 1356 2040 apertis
1372 1973 1459 2038 atque
1470 1967 1599 2023 assiduis
1613 1965 1735 2023 vocibus
1749 1964 1847 2037 predi·

1022 2062 1147 2113 cantem.

1056 2145 1188 2216 Cumque
1203 2146 1263 2201 hec
1278 2150 1306 2202 ct
1320 2145 1429 2201 similia
1445 2144 1485 2200 rei
1501 2161 1579 2200 treve
1597 2143 1793 2200 admiratione
1808 2156 1849 2198 re·

1021 2234 1181 2290 ferentibus
1193 2236 1297 2309 regine
1308 2234 1426 2307 gentilis
1437 2234 1554 2290 animus
1570 2233 1668 2306 aliquo
1680 2234 1767 2290 modo
1778 2233 1848 2290 ssec-

1021 2328 1130 2378 teretur
1141 2325 1176 2379 ad
1193 2322 1382 2391 audiendum,
1395 2323 1525 2380 absentis
1542 2322 1620 2395 regis
1630 2323 1677 2379 sui
1688 2321 1783 2380 libera
1799 2339 1848 2395 po·

1021 2413 1077 2469 sita
1093 2414 1241 2482 facultate,
1258 2419 1369 2470 secreto
1394 2431 1447 2468 usa
1463 2412 1590 2469 cubiculi
1605 2413 1702 2469 virum
1720 2413 1772 2471 Dei
1792 2412 1848 2469 sibi

1021 2504 1157 2575 precepit
1177 2503 1417 2568 intromitti.Que
1433 2507 1487 2569 est,
1506 2503 1641 2574 inquens,
1654 2502 1716 2557 hec
1732 2519 1808 2558 nova
1821 2506 1850 2559 et

1022 2591 1163 2647 hactenus
1178 2591 1263 2647 nobis
1283 2590 1414 2646 inaudita
1434 2589 1547 2663 religio,
1563 2607 1652 2662 quam
1677 2595 1849 2647 nostrorum

1020 2678 1141 2736 culture
1156 2680 1281 2736 duorum
1304 2680 1501 2752 superducere
1525 2679 1665 2751 gestiens,
1680 2677 1740 2735 alia
1762 2679 1848 2736 nobis

1020 2769 1141 2825 colenda
1164 2769 1332 2837 denuntias,
1349 2785 1412 2840 que
1428 2767 1567 2839 usquein
1592 2782 1723 2838 praesens
1746 2767 1847 2840 generi

1020 2853 1847 2930 uostroetinoognitapermanentetincultallntelligens

1018 2950 1116 3001 autem
1126 2946 1171 3002 vir
1181 2947 1283 3002 beatus
1294 2945 1486 3000 intentionem
1498 2943 1603 3016 regine
1614 2943 1807 3014 sciscitantis,
1817 2948 1847 3001 et

1018 3052 1100 3106 spem
1109 3035 1220 3092 habens
1231 3035 1260 3089 in
1276 3052 1310 3090 ea
1319 3034 1383 3090 vite
1398 3033 1615 3107 regenerantis:
1628 3032 1845 3106 Deum,inquit,

1018 3140 1111 3178 unum
1127 3129 1156 3180 et
1170 3141 1272 3179 verum
1286 3121 1514 3178 indistinctione
1530 3122 1617 3178 trium
1629 3138 1844 3193 personarum:

138 3213 356 3263 sacramentum
368 3213 396 3263 ct
404 3208 576 3263 Christiane
588 3207 738 3281 religionis
749 3208 862 3265 cultum
870 3211 963 3283 genti·
977 3185 999 3252 G
1018 3212 1112 3268 Patris
1126 3212 1248 3281 scilicet,
1264 3211 1339 3280 Filii,
1351 3228 1384 3267 ae
1395 3211 1523 3282 Spiritus
1536 3210 1641 3279 sancti,
1657 3211 1793 3266 omnium
1805 3228 1847 3268 re

138 3296 194 3352 bus
208 3296 366 3369 predicare
381 3297 468 3369 cepit
480 3314 487 3351 :
501 3294 577 3353 idola
590 3314 665 3352 vana
674 3314 749 3366 esse,
762 3298 851 3375 surda
861 3303 889 3354 et
900 3316 962 3355 mu-

139 3390 178 3454 ta,
196 3401 285 3441 manu
300 3385 397 3458 petius
423 3386 499 3440 lacta
518 3384 671 3441 hominum
687 3390 716 3441 et
729 3392 896 3444 commento
911 3386 959 3461 [el.

137 3474 395 3548 eoemento],quam
405 3490 473 3531 vere
487 3475 609 3532 rationis
619 3475 774 3532 existentia
788 3476 959 3549 primordie,

137 3563 211 3620 nibil
228 3563 318 3619 divini
340 3563 487 3633 habentia,
504 3581 556 3620 nce
578 3563 614 3620 ad
640 3564 756 3621 beatam
779 3564 960 3633 felicitatem,

137 3668 200 3725 que
229 3652 305 3709 bono
327 3651 480 3710 mortalem
504 3653 594 3709 vitam
619 3657 756 3710 secutura
778 3659 832 3723 est,
848 3653 960 3728 aliquid

136 3740 303 3811 attinentia3
321 3757 414 3798 unum
430 3740 523 3798 Deum
547 3742 646 3815 potius
660 3742 852 3816 colerent,qui
867 3749 960 3801 terras

135 3835 164 3887 et
178 3830 271 3888 maria
286 3831 475 3903 condidisset,
487 3832 537 3904 qui
549 3831 613 3889 eoeli
629 3831 841 3888 sublimitatem
856 3834 961 3890 suadi-

133 3920 212 3977 tione
226 3924 347 3989 teneret,
360 3920 409 3992 qui
425 3920 596 3995 corporibus
607 3920 697 3976 vitam
710 3925 911 3999 postmortem
923 3923 936 3978 l
950 3951 959 3962 -

133 4009 221 4066 licius
232 4013 381 4080 prestaret
391 4009 505 4064 vivendi
519 4010 702 4078 facultatem;
714 4014 864 4066 tantorum
877 4010 961 4067 falsa-

84 4105 87 4111 '
134 4113 201 4154 rum
212 4097 333 4152 deorum
344 4096 489 4152 culturam
502 4097 652 4153 horrende
661 4097 799 4154 vanitatis
811 4115 875 4156 osse
886 4098 960 4155 ludi·

134 4185 958 4258 bria,animarumdispendia,perenniumtormentorum

133 4275 206 4331 nihil
224 4274 302 4330 aliud
319 4290 407 4345 quam
422 4274 522 4330 futura
537 4274 730 4332 irritamenta.

463 4380 578 4439 CAPUT
597 4382 631 4437 V.

168 4472 242 4541 Quod
258 4475 316 4545 reqi
329 4472 467 4544 ctrcqinre
480 4480 633 4537 receserunt
647 4473 920 4548 erbiaprincr'pitaa,

216 4562 302 4600 ariera
316 4553 342 4600 ct
356 4560 450 4599 aerem
464 4543 549 4599 Derim
565 4546 698 4600 iactarier
712 4549 868 4604 ennuntiat.

1018 3319 1084 3356 rum
1096 3300 1339 3358 incommutabile
1349 3300 1539 3372 principium,
1551 3299 1601 3371 qui
1617 3303 1662 3354 cst
1671 3299 1737 3355 fons
1748 3304 1779 3355 et
1790 3300 1844 3356 ori·

1016 3408 1052 3465 go
1063 3392 1221 3456 bonorum,
1231 3408 1249 3445 a
1259 3407 1317 3462 quo
1327 3391 1414 3445 om‘ne
1422 3405 1516 3463 genus
1525 3388 1842 3445 mortaliumexistendi

1016 3480 1146 3553 sumpsit
1161 3479 1291 3547 initium,
1304 3479 1389 3550 cujus
1400 3481 1529 3550 potestas
1540 3493 1592 3533 nec
1607 3478 1696 3550 cepit
1704 3493 1780 3544 csse,
1788 3493 1842 3535 nee

1016 3569 1124 3626 desinit
1147 3569 1177 3625 in
1201 3573 1360 3635 eternum3
1385 3584 1437 3640 per
1462 3583 1550 3638 quem
1574 3566 1709 3639 pereunti
1731 3567 1842 3624 mundo

1015 3665 1128 3715 eterne
1154 3657 1364 3730 redemptionis
1385 3657 1465 3712 venit
1488 3655 1661 3723 remedium,
1684 3661 1842 3728 postquam

1015 3749 1092 3805 Deus
1102 3754 1131 3805 et
1140 3746 1283 3804 Dominus
1299 3744 1636 3802 nosterJesusChristus
1647 3743 1740 3801 Filius
1750 3744 1843 3802 omni-

1014 3837 1142 3913 potentis
1158 3836 1251 3892 Patris
1266 3836 1302 3891 de
1317 3834 1397 3890 eoelis
1413 3834 1534 3901 missus,
1549 3833 1586 3889 ad
1601 3837 1695 3889 terras
1710 3849 1764 3906 per
1779 3838 1841 3891 ute·

1014 3944 1080 3983 rum
1091 3927 1205 3982 intacta
1216 3923 1345 3997 Virginis
1356 3923 1574 3979 carnerestitus
1583 3921 1726 3989 bumana,
1735 3925 1841 3979 morta·

1013 4016 1092 4073 libus
1107 4014 1231 4071 visibilis
1246 4017 1393 4080 ostensus,
1406 4011 1543 4084 plurimis
1555 4016 1583 4067 et
1596 4008 1741 4067 mirandis
1751 4011 1840 4067 virtu·

1013 4111 1076 4162 tum
1093 4104 1185 4177 signis
1197 4101 1370 4168 declaratas,
1382 4102 1419 4157 ad
1432 4100 1569 4156 ultimum
1582 4103 1615 4154 ut
1624 4098 1734 4156 diaboli
1746 4098 1840 4156 exclu-

1013 4194 1093 4251 deret
1101 4189 1375 4257 dominationem,in
1386 4204 1472 4245 cruce
1482 4188 1498 4245 J
1502 4188 1651 4243 udeorum
1663 4186 1838 4245 infidelitate

1013 4277 1401 4354 spontancadispeusatione
1416 4279 1462 4334 sui
1475 4276 1589 4333 consilii
1604 4292 1837 4350 appensus,pre·

1011 4372 1052 4429 tie
1063 4370 1120 4427 lusi
1132 4367 1285 4443 sanguinis
1295 4368 1331 4424 ab
1346 4384 1442 4424 errore
1459 4368 1624 4423 demonum
1635 4382 1685 4422 cos
1700 4365 1836 4435 absolvit,

1012 4461 1157 4534 quosvite
1168 4444 1305 4531 perennis
1314 4457 1444 4513 heredes
1455 4456 1568 4512 futuros
1580 4454 1754 4528 prefinivit‘?
1762 4454 1836 4522 Quid

969 4558 993 4624 D
1008 4549 1115 4628 plural
1125 4547 1235 4619 Regina
1246 4544 1377 4613 credidit,
1389 4549 1418 4600 et
1428 4544 1485 4600 nisi
1496 4544 1601 4617 pagani
1613 4543 1691 4615 regis
1703 4547 1835 4614 poteslas

89 4676 95 4681 -
165 4636 232 4691 Erat
246 4639 314 4689 tunc
331 4618 471 4706 temporis
487 4633 762 4689 memoratacivitas
777 4636 951 4707 populorum
1007 4640 1184 4704 obstitisset,
1208 4632 1338 4708 legitimo
1361 4651 1474 4690 annena
1498 4631 1687 4688 matrimonio
1713 4631 1835 4705 purgari

128 4725 236 4797 stipata
251 4722 383 4790 catervis,
396 4738 494 4777 rerum
511 4721 659 4777 ditissima
672 4723 817 4795 copiis,ac
832 4727 951 4784 diverse

127 4813 317 4888 supellectilis
336 4814 440 4868 referta
461 4810 656 4867 commerciis.
673 4811 733 4867 llas
751 4829 866 4886 quoque
881 4832 950 4888 gen-

126 4903 187 4961 tilis
202 4908 232 4960 et
250 4901 421 4958 barbaricus
436 4916 504 4956 cum
525 4916 578 4955 sua
599 4900 732 4973 conjuge,
750 4903 805 4958 Leo
821 4905 949 4976 nemine,

91 5064 94 5069 Ι
125 4992 218 5050 Deum
234 4993 384 5066 ignoraus,
400 5005 468 5046 cum
484 4988 563 5043 omni
588 4987 695 5062 populo
711 5007 764 5046 suo
780 4990 949 5050 idololatrie

124 5081 252 5139 cultibus
267 5081 454 5153 subjugatus.
470 5078 512 5134 Ad
530 5094 617 5150 quem
638 5094 705 5134 cum
726 5078 856 5152 perlatus
871 5088 949 5140 esset

123 5171 217 5229 sancti
232 5171 286 5227 viri
302 5171 455 5238 adventus,
472 5172 501 5225 et
515 5183 604 5241 quam
623 5183 675 5239 per
695 5168 819 5242 populos
832 5172 948 5229 serebat

1007 4749 1064 4789 non
1081 4728 1234 4785 desisteret
1248 4726 1327 4780 fonte
1346 4723 1478 4780 salutari.
1495 4724 1606 4779 'lamen
1626 4737 1693 4794 rege
1708 4720 1833 4777 ulianam

1006 4835 1104 4877 rerum
1121 4816 1273 4872 eventibus
1288 4818 1316 4870 et
1330 4813 1409 4869 curis
1424 4812 1581 4885 applicato,
1596 4810 1712 4883 quoties
1727 4809 1833 4883 regine

1005 4909 1082 4966 seria
1097 4909 1263 4979 opportuna
1283 4902 1481 4970 considerant,
1498 4900 1593 4956 virum
1618 4899 1668 4956 Dei
1693 4899 1833 4971 frequen·

1003 4998 1063 5055 tius
1078 4995 1215 5062 ascitum,
1231 4991 1309 5048 viam
1325 4990 1430 5049 salutis
1452 4989 1622 5047 intendebat
1645 4993 1767 5046 strenue
1782 4987 1831 5045 de·

1004 5087 1228 5143 monstrantem.

1322 5187 1438 5244 CAPUT
1460 5184 1508 5242 Vl.

122 5260 212 5317 divini
229 5258 394 5333 predicatio
409 5257 500 5325 verbi,
513 5256 622 5329 sprevit
631 5260 660 5312 et
674 5257 786 5327 abnuit,
803 5263 832 5316 et
845 5276 945 5318 verum
1001 5280 1076 5352 guod
1090 5281 1163 5352 ,Ἔθις
1174 5278 1253 5362 filiu,
1266 5276 1398 5349 parvulus
1412 5277 1470 5331 rim
1478 5276 1565 5347 mi,
1580 5271 1832 5340 sumum-„1115

122 5354 232 5406 eterne
248 5347 365 5405 deitatis
389 5362 551 5420 preconem
571 5345 661 5401 surda
676 5362 745 5402 aure
769 5350 943 5420 preteribat.
1034 5354 1193 5410 coaebtorro
1208 5350 1266 5422 ejas
1286 5350 1377 5404 viciae
1391 5347 1465 5415 urbi,
1479 5346 1515 5403 ad
1529 5345 1599 5419 qaod
1620 5360 1693 5418 crepe
1714 5344 1830 5401 conibet

119 5436 170 5494 Vir
184 5444 282 5494 autem
306 5437 423 5494 Domini
444 5433 566 5490 instanti
583 5435 750 5492 constantia
772 5436 942 5509 reluctatus,
1034 5422 1161 5496 impulse
1173 5427 1291 5492 “lilim
1304 5420 1375 5490 ill&
1388 5418 1568 5490 willelm·

117 5542 208 5600 prope
231 5526 339 5583 menia
353 5523 478 5583 civitatis
493 5523 602 5596 exigue
625 5521 814 5584 habitationis
828 5528 885 5584 sibi
902 5546 942 5587 ro·
1032 5531 1101 5588 Erat
1115 5526 1204 5600 igitur
1218 5525 1265 5583 bis
1280 5525 1419 5599 parvulus
1441 5522 1531 5595 illius,
1547 5523 1597 5597 qui
1618 5522 1829 5581 instituebatur

117 5614 279 5693 septarium
295 5614 480 5693 preparavit,
496 5616 676 5686 cunctosque
691 5614 728 5674 ad
745 5632 776 5676 sa
792 5618 941 5682 venientes
995 5619 1033 5680 ad
1043 5618 1134 5679 ritum
1144 5616 1300 5692 parentum
1310 5614 1513 5692 profanorum,
1523 5610 1757 5689 cujusvidelieet
1772 5610 1828 5671 exi·
