3900 6090
113 261 198 326 teir

124 488 284 546 fenestram
297 484 334 542 ad
350 483 528 558 patrandum
543 483 659 542 lacinus
674 481 797 541 exiliret.

474 590 593 630 samaa.

160 663 361 726 contremisco
370 662 483 721 auditu.

462 764 609 823 soranis.

640 257 847 324 COMOEDIAE
869 259 956 322 Sllll.
972 292 1010 302 —
1026 256 1078 320 lv.
1099 256 1304 320 mutuata.

122 397 206 456 ulum
221 391 347 470 pectoris
361 391 398 451 ad
413 390 459 451 sui
472 406 604 450 amorem
619 393 741 462 inflexit,
758 394 830 451 adeo
845 395 879 450 ut
893 407 946 466 per
958 397 987 466 A

1352 407 1470 449 sannas.

1035 479 1160 537 Evidcns
1174 479 1257 538 visio.

1337 583 1483 628 uastatur.

1035 659 1073 715 Aa
1087 675 1168 732 argo,
1184 658 1234 715 ubi
1259 659 1462 733 expergiscens
1487 665 1586 718 monta
1600 678 1665 735 qua
1688 663 1825 728 videbam

1002 747 1134 817 tractavi,
1150 748 1271 804 verebar
1284 749 1414 822 aliquam
1427 748 1563 806 Ecclesia
1589 750 1742 809 imminere
1763 769 1827 828 per-

159 850 196 905 At
210 845 260 904 ubi
276 845 341 918 ipsa
355 841 457 900 infelix
482 859 514 900 se
535 845 703 914 corruptam
728 839 830 909 sensit,
846 842 947 912 pectus
1002 837 1194 905 secutionem,
1210 854 1274 910 que
1291 838 1391 896 fidelos
1407 839 1550 912 quosdam
1566 841 1726 900 attraheret
1741 843 1771 903 in
1784 861 1827 901 en

125 935 264 1014 pulsavit,
280 932 384 992 faciem
399 949 489 989 manu
504 931 652 997 laceravit,
668 933 763 987 vestas
785 927 885 1000 scidit,
904 944 949 984 ca·
1002 941 1108 982 rorem.

126 1027 213 1104 pillos
227 1023 315 1093 eruit,
330 1038 416 1079 voces
430 1021 460 1077 in
476 1019 569 1077 altum
585 1019 723 1093 ejulando
737 1017 828 1075 dedit.

478 1127 597 1167 arunas.

162 1209 220 1266 Nee
234 1203 355 1269 iniuria,
370 1198 542 1273 hujusmodi
563 1214 690 1271 namque
712 1196 799 1257 ruina
821 1201 883 1255 toto
906 1196 950 1254 la·

127 1310 294 1374 orvmarum
308 1293 388 1363 touta
401 1293 447 1362 ast
461 1289 596 1362 lugenda.

471 1390 607 1437 austun

165 1472 393 1534 Lamentabatur
407 1484 535 1542 namque
550 1483 582 1526 se
597 1469 674 1540 quod
690 1469 786 1527 iuerat
800 1483 858 1526 non
874 1481 949 1524 esse.

479 1575 596 1615 eruaris.

164 1655 212 1712 Vae
227 1651 270 1709 illi
285 1650 415 1708 miseret

467 1750 613 1796 sannaus.

165 1833 216 1894 85
233 1830 364 1905 Lugebat
378 1845 410 1886 ae
425 1827 534 1885 nostris
549 1824 829 1884 contraria‘monitis
846 1824 952 1899 egisse.

482 1933 601 1974 sennua.

166 2017 205 2072 Ac
220 2011 311 2070 valde.

468 2108 614 2154 asaneus.

167 2189 288 2250 Dellevit
302 2205 334 2246 se
348 2184 526 2260 vigiliarum,
540 2183 716 2253 orationum,
725 2181 891 2255 jejuniique
907 2199 958 2239 su·

132 2284 217 2340 dores
231 2292 398 2338 evacuasse.

480 2378 599 2422 arunas.

168 2459 199 2517 Si
216 2455 310 2514 intuli
327 2452 552 2527 compunctione
572 2453 778 2527 perseverarat,
803 2448 884 2507 solva
906 2449 955 2506 fle-

136 2554 189 2608 rat.

472 2643 617 2698 spatulis.

171 2726 257 2785 llaud
277 2720 483 2798 perseveravit,
499 2722 550 2779 sed
575 2720 675 2794 pejora
697 2719 845 2795 prioribus
868 2736 959 2794 appo·

136 2817 207 2876 suit.

487 2916 605 2957 arunas.

168 2992 292 3063 Viscera
306 2995 393 3058 tenua
418 2989 578 3045 conturbor
599 2984 728 3060 totisque
752 2987 893 3047 membris
915 3003 960 3044 re·

137 3080 243 3138 solvor.

474 3177 619 3222 auulsas.

173 3259 332 3330 Postquam
346 3255 426 3312 euim
437 3254 519 3311 hisce
532 3253 670 3311 lamentis
684 3271 716 3312 se
730 3253 958 3329 punivit,nimie

136 3353 197 3406 tate
210 3346 287 3403 victo
299 3343 410 3402 doloris
425 3359 554 3416 preceps
566 3343 713 3399 ferebatur
725 3344 755 3399 in
769 3344 880 3401 foveam
895 3343 961 3401 des·

136 3435 307 3514 pomtionis.

490 3537 608 3577 senaar.

172 3614 215 3672 uh
231 3611 309 3671 heul
326 3626 415 3685 quam
431 3608 528 3684 gravis
542 3608 684 3682 perditio!

475 3711 621 3756 sustuna

174 3795 209 3852 ut
224 3792 295 3867 quia
308 3790 425 3848 veniam
441 3787 607 3862 desperavit
630 3802 715 3860 posse
740 3787 857 3858 mereri,
870 3805 961 3847 saecu-

137 3884 201 3957 lum
217 3884 346 3955 repetere
358 3876 541 3950 vanitatique
556 3875 644 3949 elegit
659 3876 813 3937 deservire.

490 3983 610 4027 Bruttus

175 4060 265 4121 lleml
281 4076 335 4135 par
348 4054 469 4117 victorio
483 4054 667 4129 spiritalibus
682 4057 712 4113 iu
728 4059 806 4114 sorte
826 4056 962 4115 eremito-

138 4169 205 4211 rum
221 4149 362 4226 nequitiis
377 4150 464 4205 autea
478 4145 535 4202 luit
549 4143 675 4205 insolita.

134 4247 139 4255 '
477 4246 622 4294 aestuas.

175 4332 230 4390 Sed
246 4345 325 4388 nunc
340 4329 507 4389 damonum
523 4339 627 4393 sumus
642 4323 748 4397 preda.

492 4430 610 4471 limn-

174 4510 281 4567 ldimm
297 4505 348 4580 qni
364 4503 426 4562 fleri
440 4505 550 4576 posset,
560 4505 593 4561 ut
606 4504 637 4561 te
651 4500 804 4581 ignorante
818 4502 961 4571 evaderet.
977 4525 1003 4594 D
1018 4477 1132 4534 nvom.

476 4604 622 4649 lassatur.

174 4685 295 4746 lutenm
311 4686 424 4742 luerem
440 4684 646 4750 consternatus
659 4682 762 4749 ,menta
781 4698 816 4737 ax
837 4685 961 4749 ostensa

135 4777 259 4835 visionis
283 4780 402 4842 terrore,
427 4788 496 4845 qua,
522 4770 547 4827 si
572 4785 657 4827 meua
679 4785 736 4826 uon
760 4768 865 4828 luisset
879 4769 960 4841 lava,

137 4867 210 4948 milii
222 4862 472 4947 'praefigurabatur
485 4860 552 4934 ejus
567 4858 663 4919 ruina

487 4965 604 5005 aranas.

172 5043 284 5102 Vellem
299 5042 420 5100 modum
434 5036 557 5096 visionis
570 5034 680 5093 audire.

474 5139 623 5193 nassum

168 5222 316 5281 *Putabam
332 5235 380 5276 me
394 5221 462 5276 ante
478 5217 554 5274 iores
569 5211 681 5271 oelluls
700 5211 827 5281 stetisse,
844 5217 873 5269 et
896 5231 962 5272 ecoe

137 5314 226 5371 draeo
242 5311 322 5368 mira
337 5304 551 5382 magnitudinis
566 5301 709 5374 nimiique
725 5300 836 5361 foetoris
860 5304 962 5378 rapido

137 5403 251 5476 impetu
267 5399 425 5458 adveniens
442 5394 726 5454 candidulamsecus
737 5406 784 5446 me
794 5390 961 5451 columbam

136 5492 286 5564 reperiens
308 5488 396 5562 cepit,
418 5484 564 5544 devoravit
584 5480 742 5553 subitoque
765 5496 823 5539 uon
848 5497 964 5557 compa.

138 5579 208 5635 ruit.

1349 1031 1469 1073 arunas.

1038 1104 1203 1162 Verendum
1218 1109 1289 1161 erat.

1347 1222 1450 1262 assem
1475 1247 1481 1260 .

1033 1293 1123 1352 -Undo
1135 1296 1300 1366 prostratus
1316 1295 1345 1350 in
1370 1223 1530 1351 oretisnem
1556 1299 1758 1372 praecognitori
1780 1301 1828 1358 lu·

1005 1386 1139 1440 tumrum
1156 1381 1328 1456 supplicavi,
1344 1388 1378 1440 ut
1393 1383 1465 1440 mihi
1481 1385 1628 1459 detegeret
1650 1386 1827 1447 solutionem

1005 1487 1121 1530 samum

1358 1589 1475 1628 srnnru.

1042 1660 1129 1718 Recte
1142 1662 1238 1735 egisti.

1350 1778 1483 1819 mamis.

1042 1847 1139 1906 Tertia
1153 1849 1274 1909 demum
1289 1854 1382 1919 noete,
1399 1867 1466 1907 cum
1482 1851 1561 1909 lassa
1575 1853 1671 1924 sopori
1698 1856 1831 1914 mambra

1007 1936 1165 2005 dedissem,
1176 1939 1318 2011 putabam
1334 1940 1471 1997 eumdem
1487 1941 1644 1999 draconem
1660 1943 1734 2000 mais
1746 1945 1832 2001 vasti·

1007 2025 1064 2099 giis
1088 2026 1288 2101 diarumptum
1312 2028 1471 2095 volutasse,
1488 2029 1642 2103 ipsamque
1663 2030 1831 2091 columbam

1007 2115 1120 2187 ubsque
1134 2114 1251 2175 laesione
1266 2117 1434 2175 emicuisse.

1360 2225 1479 2264 arunas.

1046 2293 1189 2352 Letiiieor
1201 2296 1315 2364 auditu,
1332 2312 1385 2355 neo
1401 2297 1518 2371 ambigo
1533 2299 1605 2370 quin
1624 2302 1676 2356 tua
1700 2303 1834 2375 quando·

1010 2397 1066 2455 quo
1081 2383 1118 2439 ad
1133 2387 1338 2449 te'revortatur
1352 2385 1454 2445 bieria

1355 2492 1489 2537 amnes.

1048 2560 1205 2634 Postquam
1220 2562 1362 2635 evigilans
1378 2563 1469 2635 hujus
1479 2564 1622 2623 solamine
1636 2566 1836 2626 visionislem·

1008 2650 1149 2723 parabam
1167 2650 1316 2707 tristitiem
1331 2650 1448 2724 prioris,
1466 2656 1592 2711 mentem
1608 2655 1716 2727 recepit
1739 2660 1773 2713 ut
1790 2673 1835 2715 re·

1013 2737 1186 2794 miniscerer
1200 2738 1337 2796 alumna.
1355 2739 1428 2797 lllu'd
1442 2757 1559 2814 quoquo
1583 2741 1607 2799 si
1632 2743 1697 2800 sine
1716 2743 1836 2803 tristitia

1013 2826 1146 2893 memini,
1162 2828 1240 2899 quod
1256 2827 1351 2901 ipsam
1367 2829 1398 2885 in
1413 2829 1539 2889 duorum
1551 2830 1705 2899 intervallo
1721 2833 1836 2892 diarum

1012 2914 1118 2979 divine
1133 2914 1323 2979 innittentem
1338 2916 1417 2975 laudi
1433 2917 1519 2976 solito
1534 2937 1592 2978 non
1607 2920 1697 2980 sensi.

1365 3023 1485 3071 amasa.

1051 3094 1121 3150 Sero
1135 3092 1305 3151 meministi.

1357 3210 1491 3252 insanis.

1051 3281 1163 3339 aanor.
1187 3281 1315 3351 decessi,
1339 3299 1428 3339 manu
1454 3285 1612 3343 fenestram
1637 3285 1761 3360 pulsavi,
1783 3289 1837 3347 80

1013 3368 1107 3433 ‚liliam
1122 3370 1231 3444 saepius
1245 3371 1426 3429 nominando
1441 3375 1552 3432 vocavi.

1366 3480 1485 3521 saunas.

1050 3547 1112 3605 Ah!
1129 3549 1239 3607 frustra
1252 3551 1372 3608 vocasti.

1358 3667 1494 3708 samnis.

1052 3734 1111 3792 lloo
1126 3735 1222 3791 adhuc
1239 3752 1297 3792 non
1313 3737 1402 3806 sensi,
1420 3739 1470 3794 sed
1487 3756 1540 3795 cur
1555 3740 1738 3815 negligenter
1750 3743 1780 3799 in
1795 3743 1839 3799 di-

1014 3824 1093 3883 vinis
1115 3829 1216 3899 ageret
1239 3827 1335 3901 rogavi
1352 3845 1358 3896 3
1375 3829 1426 3885 sod
1452 3845 1505 3885 noo
1526 3828 1597 3886 levis
1620 3828 1761 3887 tinnitum
1776 3846 1840 3888 ros·

1016 3915 1101 3989 pensi
1116 3915 1221 3989 recepi.

1367 4033 1484 4073 sauma.

1052 4104 1088 4159 ut
1104 4103 1174 4177 quid
1189 4106 1259 4160 tuno
1274 4104 1391 4162 iecisti?

1175 4208 1178 4213 ·
1360 4211 1494 4251 maenaa.

1053 4281 1107 4339 Ubi
1122 4283 1225 4339 abasse
1240 4299 1328 4356 quam
1344 4284 1510 4356 querebam
1525 4286 1715 4359 deprehendi,
1730 4287 1842 4345 viscera

1018 4370 1252 4456 discutiebantur
1284 4371 1399 4441 timore,
1430 4375 1564 4431 membra
1602 4378 1843 4432 contremuemut

1369 4579 1488 4619 rennes.

1053 4651 1110 4707 Nec
1126 4650 1245 4706 mimm.
1262 4649 1345 4707 Certe
1359 4653 1388 4706 ot
1402 4666 1455 4724 ego
1470 4651 1499 4706 id
1519 4650 1617 4724 ipsum
1643 4667 1721 4708 nuno
1747 4649 1843 4724 patior

1017 4738 1172 4797 audiendo.

1351 4852 1482 4899 naemu.

1050 4928 1160 4986 Deinde
1183 4924 1331 4984 debilibus
1356 4923 1436 4981 souis
1461 4942 1548 4982 ouras
1576 4925 1678 5000 pollui,
1706 4926 1838 5000 rogitans

1013 5017 1080 5092 quis
1094 5016 1183 5089 lupus
1197 5030 1294 5070 meam
1310 5029 1418 5087 agnam
1434 5020 1559 5088 raperet,
1572 5016 1639 5089 quis
1653 5014 1728 5072 latro
1745 5030 1841 5071 meam

1017 5105 1108 5165 filiam
1123 5101 1305 5176 captivaret?
1799 5117 1804 5131 .

1366 5218 1486 5259 munna.

1051 5294 1121 5350 Jure
1137 5293 1314 5364 conquestus
1339 5288 1421 5347 fuisti
1441 5292 1505 5363 ojus
1530 5290 1736 5364 perditionem,
1751 5304 1841 5362 quam

1016 5379 1177 5439 nutrivIsti.

1359 5494 1493 5534 ionium.

1052 5567 1183 5625 Tandem
1198 5567 1384 5622 accesserunt
1399 5565 1449 5639 qui
1466 5565 1617 5624 veritatem
1634 5567 1759 5624 seientes
1775 5581 1838 5624 rem
