3900 6090
142 339 201 402 230
360 410 361 413 Ἴ
582 337 743 404 JOANNIS
764 333 981 424 aoeaalsns.
998 333 1170 412 sabbam
1192 335 1398 399 METENSIS.
1781 337 1842 396 240

142 473 421 546 majestatemouod
433 473 468 531 ad
480 485 609 546 presens
621 473 743 529 attinere
753 471 876 538 videtur,
887 466 965 525 brevi
978 468 1006 547 Α
1020 466 1050 523 ia
1066 468 1229 540 proximam
1241 467 1400 539 quamdam
1411 468 1531 524 domum
1543 467 1660 524 interim
1671 484 1843 527 conservan-

142 559 331 634 subJ‘ioimus.
988 540 1071 612 ¹''dos
1086 560 1291 629 transponunt.
1308 556 1416 612 lisdem
1432 557 1478 612 die
1494 574 1511 612 a
1531 555 1704 629 parentibus
1719 556 1841 630 qnidam

177 651 222 708 46.
232 651 316 708 Anno
327 649 516 724 pontificatus
527 647 573 706 sui
587 650 707 719 23,cum
723 649 964 722 nongentesimus
1019 643 1088 722 illuc
1099 644 1297 702 demoniacus
1308 645 1462 713 adductus,
1476 662 1543 701 cum
1557 662 1645 718 penes
1666 645 1797 703 loculum
1811 645 1843 704 in

141 738 407 815 quinquagesimus
431 738 545 814 primus
568 737 728 797 Dominiere
752 737 965 795 iucarnationis
1019 733 1107 792 domo
1121 735 1222 792 eadem
1236 733 1343 808 populo
1355 734 1529 791 abscedente
1543 739 1619 791 esset
1635 733 1765 805 relictus,
1777 741 1844 809 post

141 831 285 910 ageretur,
298 832 421 885 matrem
439 828 608 902 praedictam
621 827 677 884 loci
694 828 788 903 ipsius
799 825 965 920 reparandi,
1020 824 1169 880 modicum
1186 822 1381 891 intervallum,
1399 823 1522 882 Daniino
1546 829 1573 880 et
1593 823 1706 881 meritis
1721 824 1845 899 virginis

141 915 213 990 quia
226 920 357 974 vetustas
371 921 400 973 et
414 917 541 974 brevitas
556 917 848 981 monsravidebatnr,
860 915 966 988 cupido
1020 913 1413 985 suifragantibusavosano
1430 911 1536 986 spiritu
1552 918 1596 970 est
1610 912 1761 970 liberatae.
1797 908 1801 915 ’
1837 908 1844 915 ’

70 999 74 1003 ’
142 1004 230 1077 coepit
244 1004 412 1061 immodica.
425 1005 455 1062 ld
472 1022 524 1078 par
534 1022 575 1072 εε,
589 1006 729 1077 quoniam
741 1022 798 1062 non
810 1003 867 1060 nisi
884 1020 966 1058 sacro
1057 1003 1102 1056 l17.
1115 1002 1174 1058 Sub
1190 1002 1254 1074 ipsa
1265 1002 1323 1058 iare
1333 1002 1405 1057 bora
1415 1001 1688 1059 sanctimonialibus
1699 1020 1716 1058 a
1727 1003 1801 1070 loco,
1814 1003 1844 1059 iu

143 1108 264 1165 corpore
278 1093 397 1150 interim
412 1094 549 1151 submoto
570 1095 631 1150 [leri
649 1099 770 1167 poterat,
784 1112 841 1150 non
858 1110 966 1167 prensu-
1022 1109 1079 1164 quo
1095 1108 1212 1148 sacrum
1228 1108 1334 1165 eorpus
1347 1090 1520 1159 extulerunt,
1532 1091 1568 1146 ad
1583 1093 1848 1164 corporacuranda

144 1180 315 1253 mens,quid
329 1181 427 1238 animo
438 1186 620 1257 conceperat,
632 1183 769 1256 episeopo
781 1184 907 1240 intimat.
917 1181 967 1238 llle
1022 1180 1230 1249 residentibus,
1242 1181 1398 1254 puerulum
1415 1179 1541 1236 naturali
1556 1181 1755 1238 membrarum
1769 1198 1848 1238 com·

145 1269 180 1328 de
191 1268 303 1328 iabriea
313 1270 689 1344 utileretgratumomninc
699 1272 969 1343 habens,suamque
1022 1286 1095 1344 page
1110 1270 1283 1327 damnatum
1298 1269 1474 1344 penitusque
1489 1270 1526 1324 ab
1542 1268 1607 1342 ipsa
1620 1260 1769 1329 nativitate
1780 1288 1847 1329 coa-

144 1356 269 1433 benigne
293 1357 443 1432 pollicitus
468 1376 598 1434 operam,
615 1361 650 1418 de
669 1359 869 1419 sublevatione
893 1359 969 1416 sacri
1022 1357 1288 1432 tractumbajulus,
1296 1363 1329 1415 ut
1339 1357 1459 1416 brachio
1470 1357 1590 1426 ferebat,
1598 1355 1725 1417 ecclesie
1735 1359 1846 1417 intulit.

144 1446 274 1520 corporis
289 1446 342 1504 diu
355 1448 593 1519 cunctabundus,
609 1450 728 1507 tandem
749 1448 864 1507 Domini
880 1464 969 1521 super
1024 1447 1093 1505 lnde
1106 1449 1260 1521 aquodam
1269 1464 1304 1504 ex
1314 1444 1588 1504 sanctimonialibus
1599 1445 1677 1504 intra
1686 1447 1849 1505 domuncu-

144 1533 389 1594 bccvoluntatem
401 1541 434 1594 ut
445 1537 641 1611 exquirerent,
653 1537 825 1612 imperavit:
839 1552 968 1593 commu·
1023 1534 1093 1603 lam,
1110 1553 1170 1609 qua
1192 1553 1299 1611 corpus
1320 1535 1513 1594 sanctissime
1528 1534 1651 1610 virginis
1665 1536 1847 1610 servabatur,

145 1623 241 1681 niceto
261 1622 366 1682 deiude
395 1624 511 1701 negotia
539 1625 674 1699 patribus
702 1631 773 1685 tunc
796 1624 970 1684 venerandis
1024 1625 1079 1681 sub
1094 1624 1159 1699 ipso
1174 1624 1270 1683 loculo
1287 1623 1368 1684 solus
1386 1624 1514 1693 relictus,
1526 1641 1615 1699 parva
1627 1641 1711 1682 mora
1723 1624 1849 1686 interce·

145 1709 278 1780 lliuoldo,
295 1713 403 1787 dequo
418 1714 627 1789 premisimus,
639 1718 667 1772 et
680 1715 788 1773 Austeo
799 1715 871 1790 (338)
889 1731 970 1789 isque
1024 1713 1220 1782 dente,nimi0
1231 1718 1348 1788 repente
1356 1713 1482 1771 clamore
1492 1730 1565 1787 puer
1574 1713 1736 1781 emissa,ad
1747 1731 1849 1775 vocem

145 1800 206 1858 viro
227 1799 363 1875 religioso
386 1820 402 1860 e
425 1803 557 1877 proximo
583 1804 676 1862 sanati
699 1803 812 1861 Arnulii
836 1803 968 1878 collegio,
984 1842 1009 1913 B
1024 1802 1135 1860 ceteris
1146 1803 1377 1871 accurrentibus,
1391 1804 1532 1861 membris
1545 1802 1640 1861 cilicio
1654 1808 1765 1862 uaturm
1775 1804 1849 1864 dire

146 1889 277 1964 ipsisque
286 1890 402 1949 animos
410 1892 504 1950 eidem
512 1897 614 1950 sanato
623 1892 753 1966 pontifici
761 1892 806 1951 vel
815 1893 969 1951 abbatisse
1024 1892 1079 1950 atis
1095 1908 1185 1949 sanus
1202 1891 1298 1949 divino
1314 1892 1422 1949 auxilio
1438 1898 1482 1949 est
1496 1893 1641 1950 inventus.
1657 1894 1740 1951 Hunc
1754 1895 1847 1954 multo

147 1979 241 2052 magis
264 1980 451 2049 addentibus,
469 1982 499 2038 in
522 1983 846 2039 cammunidecretum
867 1988 920 2050 ast,
938 1986 970 2037 ut
1025 1981 1848 2057 postmodumtemporecademincolumitategandeatem
1890 2040 1900 2049 ,

146 2066 237 2126 tieret.
250 2067 381 2127 Instabat
396 2074 465 2128 tnnc
481 2071 543 2128 dies
557 2072 744 2130 Asceasianis
759 2072 927 2139 Dominicae,
939 2072 969 2128 ia
1025 2087 1163 2144 prospera
1179 2071 1288 2143 ubique
1302 2073 1396 2144 gradu
1411 2072 1617 2145 conspeximus
1632 2071 1755 2146 ingredi.
1768 2073 1850 2132 Alter

147 2173 234 2230 quem
245 2157 372 2232 populus
380 2159 534 2218 universus
544 2161 703 2218 missarum
711 2159 863 2218 solemniis
873 2160 970 2217 condi·
1024 2160 1126 2217 itidem
1147 2160 1289 2234 puerulus
1304 2159 1397 2218 oculis
1411 2166 1525 2235 captus,
1541 2161 1591 2218 sed
1608 2165 1637 2220 et
1650 2163 1848 2235 quorumdam

147 2250 193 2302 cto
216 2247 321 2319 jussus
345 2248 457 2306 adesse.
484 2248 592 2307 Prasul
622 2249 883 2307 reverendissimus
905 2253 971 2323 post
1025 2249 1848 2323 membroruminequalitateconiectus,alioicrenteilla

146 2333 268 2393 verbum
283 2352 372 2393 sacre
383 2337 439 2392 diei
455 2335 563 2410 populo
574 2338 731 2408 redditum,
743 2339 778 2395 de
791 2337 846 2396 bao
861 2339 926 2413 ipsa
940 2353 970 2394 rc
1025 2338 1206 2410 deportatus,
1216 2342 1245 2395 et
1255 2336 1462 2396 anteioculum
1477 2341 1634 2412 projectus,
1646 2339 1711 2398 visu
1726 2345 1851 2407 etaeta-

148 2421 970 2499 palamaperiens,llominimisericordiamounotosmc-
1025 2443 1124 2483 rorum
1148 2426 1349 2485 membrarum
1376 2427 1542 2501 integritate
1565 2428 1671 2485 virtute
1685 2428 1794 2488 Christi
1821 2435 1851 2486 et

148 2511 213 2570 nuit
223 2529 353 2585 exorare,
367 2518 399 2571 ut
413 2530 586 2588 prosperum
597 2513 751 2572 conatibus
761 2514 892 2574 fidelium
903 2531 970 2573 suo·
1025 2515 1145 2572 obtentu
1161 2515 1367 2572 sacratissima
1382 2514 1503 2589 virginis
1523 2521 1641 2590 repente
1655 2518 1770 2576 eunctis
1786 2521 1849 2577 stu·

148 2617 215 2659 rum
229 2601 329 2677 largiri
343 2603 516 2679 dignaretur
530 2602 676 2662 eiieotum.
686 2604 767 2673 Quod
783 2621 852 2662 cam
868 2605 898 2662 in
911 2622 971 2664 cra·
1024 2603 1163 2676 pentibus
1185 2607 1213 2662 et
1236 2603 1346 2677 gratias
1370 2603 1427 2662 Dea
1452 2603 1660 2675 clamantibus,
1677 2610 1723 2673 est
1744 2622 1849 2665 mune·

148 2691 260 2749 atinum
279 2698 366 2750 sexta
389 2692 467 2750 ierim
492 2691 586 2750 multa
609 2709 679 2751 cum
702 2694 854 2751 devotione
878 2695 971 2754 sacris
1025 2696 1117 2751 ratus.

148 2781 260 2839 aedibus
268 2781 487 2863 circunquaque
496 2781 628 2841 lustratis
637 2782 771 2841 alacriter
778 2783 971 2858 peregissent,
1061 2781 1147 2840 Plura
1162 2783 1267 2840 deinde
1280 2786 1310 2838 et
1333 2799 1426 2855 usque
1442 2781 1471 2839 la
1487 2799 1617 2856 presens
1640 2787 1759 2858 tempus
1773 2800 1849 2859 pene

147 2869 178 2927 ia
193 2871 327 2946 sequenti
342 2888 410 2930 mox
425 2870 577 2930 Dominiaa
592 2889 694 2930 ornnes
711 2866 751 2931 ad
767 2889 885 2931 sacrum
901 2890 970 2932 aaa·
1024 2871 1154 2945 quotidie
1165 2889 1233 2930 oum
1244 2872 1301 2930 ilde
1311 2872 1473 2945 petentium
1484 2871 1595 2930 ibidem
1605 2872 1758 2932 Dominica
1767 2872 1850 2933 cart-

147 2959 244 3018 ilauat
263 2959 370 3018 locum.
387 2960 429 3018 ibi
446 2960 482 3018 ab
496 2960 561 3035 ipso
585 2967 686 3019 sancto
710 2962 847 3036 pontifice
870 2963 971 3022 missis
1024 2966 1069 3019 sto
1080 2967 1218 3035 operante
1227 2962 1402 3020 exhibeatur
1411 2961 1596 3032 solatia,tum
1609 2968 1848 3037 corporum,tum

148 3047 247 3120 dictis,
258 3049 387 3122 itemque
396 3048 524 3123 plurima
534 3049 733 3108 exhortatione
743 3050 826 3125 plebe
836 3052 866 3109 in
877 3051 970 3110 Deum
1024 3049 1114 3122 (quod
1130 3049 1407 3123 praestantissimum
1425 3052 1480 3124 cst)
1499 3052 1689 3109 animarum:
1708 3051 1760 3110 ubi
1774 3045 1870 3110 ooa·'

148 3136 289 3206 animata,
302 3137 415 3196 cunctis
426 3137 668 3210 acclamantibus,
680 3145 708 3196 et
722 3140 867 3198 ministris
877 3158 972 3198 saara·
1025 3137 1148 3196 scientia
1164 3140 1398 3213 uniuscujusque
1408 3140 1603 3214 supplicantis
1612 3141 1686 3198 setis
1694 3140 1847 3215 persentit,

149 3243 216 3284 rum
227 3226 321 3287 salitis
332 3228 598 3303 supplicationibus
608 3246 710 3302 preces
720 3227 862 3286 inomlum
873 3229 972 3287 tollen·
987 3214 1009 3282 C
1024 3232 1164 3301 quantam
1180 3228 1249 3285 inde
1261 3228 1422 3285 eiiicaciam
1437 3246 1557 3303 precum
1569 3247 1690 3286 suarum
1701 3234 1847 3304 reportet;

149 3315 240 3387 tibus,
249 3317 286 3375 ad
302 3335 401 3376 arcam
411 3318 534 3394 virginis
547 3316 734 3392 aperiendam
749 3317 877 3393 pontifex
885 3335 971 3376 veno·
1026 3319 1054 3374 et
1063 3316 1121 3374 nisi
1132 3316 1295 3396 diffidentia
1309 3317 1372 3375 sala
1382 3319 1527 3387 retundat,
1539 3335 1605 3376 vere
1615 3318 1722 3377 Christi
1738 3323 1847 3390 certus,

150 3407 272 3477 raudus,
284 3424 411 3484 eumque
426 3425 459 3466 eo
474 3410 572 3481 patres
582 3407 827 3465 monasteriorum
842 3405 972 3465 simulet
1026 3406 1148 3474 fatebor,
1165 3405 1276 3464 nuliius
1290 3406 1349 3464 illic
1371 3407 1508 3481 suspiria,
1526 3408 1635 3465 nullius
1649 3409 1789 3483 gemitus,
1803 3407 1849 3477 vel

150 3495 245 3554 caeteri
256 3513 291 3553 ex
302 3495 379 3554 clero
390 3495 520 3572 religiosi
531 3496 618 3572 digne
626 3496 685 3554 Dea
695 3496 971 3571 sanctequsvirgini
1025 3495 1170 3570 iacrymas
1194 3495 1280 3570 pleno
1305 3496 1391 3553 corde
1419 3498 1564 3569 profusas,
1581 3513 1775 3572 quecumque
1798 3497 1850 3556 illa

149 3583 292 3642 submissi
302 3591 464 3645 reverenter
470 3587 627 3657 accedunt;
637 3602 762 3660 moxque
770 3590 971 3645 sacrosanctas
1025 3585 1112 3643 luerit
1126 3585 1285 3644 necessitas
1295 3584 1338 3642 vel
1350 3587 1497 3659 angustia,
1509 3587 1577 3644 inde
1588 3586 1746 3660 aliquando
1756 3603 1848 3645 vacuo

52 3675 55 3680 ’
149 3679 232 3734 artus
246 3673 341 3735 loculo
357 3680 427 3735 tunc
443 3693 496 3751 pra
515 3680 646 3751 tempore
661 3680 823 3752 preparata
837 3681 970 3752 exceptos
1025 3674 1122 3732 iractu
1138 3691 1277 3733 reversas.

182 3801 258 3874 (336)
272 3801 312 3860 lle
333 3802 455 3860 lliaoldo
469 3802 618 3860 Gorziensi
640 3808 669 3860 et
689 3805 797 3861 Ansteo
811 3803 841 3861 S.
857 3802 969 3861 Amulii
1025 3799 1181 3859 abbatibus
1196 3800 1313 3874 egregia
1328 3801 1437 3857 mentio
1461 3807 1505 3858 est
1530 3803 1559 3858 ia
1583 3801 1662 3859 Actis
1677 3801 1706 3860 S.
1723 3800 1850 3861 ioannis

146 3889 261 3950 abbatis
276 3889 442 3951 deniensis
458 3890 564 3951 seculo
579 3892 711 3965 sequenti
728 3892 896 3951 referendis.

551 4254 852 4427 vluit
915 4252 1437 4429 JOANNIS

812 4516 954 4576 abeatis
973 4519 1180 4580 coaetaneis

557 4661 761 4725 AUCTORE
780 4660 954 4728 JOANNE
975 4661 1153 4727 nabars
1175 4663 1210 4726 S.
1235 4662 1434 4728 saeuam.

432 4813 520 4883 [Apud
535 4811 623 4884 Pcrtz,
640 4813 824 4872 bionumenta
839 4813 999 4872 Germaniae
1015 4813 1159 4886 historica,
1176 4816 1276 4886 script.
1296 4820 1362 4872 torn.
1380 4814 1426 4882 lt,
1441 4829 1468 4884 p.
1485 4812 1558 4879 335.]

830 4961 1162 4982 m

676 5072 1054 5165 aDMON1T10
1097 5074 1363 5162 PRAEVIA.

829 5246 1160 5267 m

163 5362 257 5446 ‘iuter
272 5370 465 5450 monumenta
475 5367 615 5450 historica
628 5376 737 5430 statum
751 5376 794 5449 'rei
806 5377 940 5451 publice,
951 5378 1096 5447 Ecclesia,
1108 5377 1282 5442 litterarum,
1293 5387 1409 5439 morum
1420 5367 1620 5454 pensaunium
1635 5384 1653 5422 x
1668 5363 1849 5446 illustrantia

142 5438 202 5493 vita
216 5435 339 5521 ioannis
349 5439 516 5500 doratensis
530 5441 644 5502 abbatis
680 5445 840 5522 recipuum
854 5449 953 5509 locum
967 5450 1088 5510 obtinet.
1104 5449 1219 5522 Scripta
1234 5450 1278 5504 est
1292 5443 1436 5500 diiinsiari
1452 5442 1571 5514 quidem
1586 5437 1671 5513 stylo,
1687 5436 1738 5497 scd
1753 5451 1847 5492 avaro

142 5505 277 5567 doctriua
291 5507 515 5586 litterarumque
529 5513 603 5586 (339)
619 5460 699 5576 nullu
715 5517 824 5592 insigni
840 5526 869 5579 et
883 5538 982 5581 rerum
997 5538 1072 5595 quas
1091 5521 1219 5579 narravit
1241 5514 1372 5591 apprime
1388 5530 1489 5588 gnaro,
1506 5512 1618 5571 Joauue
1635 5507 1739 5568 abbate
1749 5509 1780 5564 8.
1792 5507 1847 5565 tir·

181 5631 368 5710 (eeclesias,
391 5652 445 5697 nee
461 5639 562 5701 minus
577 5638 716 5702 classicos
731 5642 933 5709 Romanorum
949 5652 1083 5707 auctores
1098 5646 1178 5721 legit.
