3900 6090
125 285 202 350 4443
545 288 809 351 HaursutruAE
830 285 1017 349 MONlALlS
1040 287 1405 350 uauoussamunsls
1754 289 1835 350 {tta

124 422 180 479 Sed
196 438 260 478 sese
274 420 391 478 Christo
404 420 479 478 elam
497 422 677 477 consecravit
691 420 756 494 ipsa
959 420 986 488 Α
1001 421 1041 475 he
1056 420 1153 477 studio
1170 420 1259 477 simili
1274 421 1456 477 concordans
1472 420 1576 478 nititur
1588 421 1630 478 illi

123 509 238 567 Caelesti
253 527 318 567 voro
330 511 353 546 ⁸⁰
368 528 475 583 sponso
487 510 630 566 velamine
646 527 739 579 sacro,
1001 509 1134 566 Cultibus
1150 510 1303 566 ecelesiam
1320 510 1418 583 dignis
1433 527 1537 567 ornare
1553 510 1713 582 novellam,

123 599 249 655 Omnino
264 616 405 672 sponsum
421 617 562 672 spernens
577 601 675 656 animo
692 600 878 655 moriturum.
1001 601 1068 666 Qua
1082 603 1148 671 post
1163 599 1224 655 hace
1241 617 1317 655 anno
1334 601 1429 655 fuerat
1443 601 1587 657 sacranda
1602 602 1747 658 secundo.

122 689 180 746 Nee
194 693 292 745 tamea
308 688 464 761 extemplo,
481 707 533 761 pro
550 690 694 744 seditione
709 689 846 756 cavenda,
1001 687 1108 743 llloenia
1122 687 1245 743 caenobii
1262 688 1383 761 perfecit
1397 689 1418 724 ¹⁷
1434 689 1534 745 omnia
1548 691 1653 756 nostri,

121 779 199 834 Auro
215 777 357 850 fulgentes
372 779 467 850 potuit
483 780 626 852 deponere
640 784 744 847 vestes,
1001 776 1160 832 Commoda
1175 778 1324 833 mansuris
1340 777 1399 833 illio
1417 795 1468 851 per
1478 777 1556 834 secla
1570 779 1690 852 puellis.

123 866 258 923 luduitur
272 866 359 922 solito
374 868 424 923 sed
440 868 545 923 vestitu
562 868 700 940 pretioso.
1037 865 1088 921 His
1103 866 1176 921 hene
1189 866 1336 937 perfectis
1348 868 1434 939 juxta
1448 872 1593 940 precepta
1606 869 1742 941 parentis

123 955 236 1012 Interea
248 956 338 1022 venit,
356 973 443 1028 quem
460 975 569 1029 sponsa
584 957 633 1011 Dei
651 955 824 1029 reprobavit.
1001 955 1125 1028 Eligitur
1140 956 1331 1026 (orr.881,N0o.
1348 958 1384 1026 l),
1399 957 1833 1030 domaa¹⁸poscentovidclicet

123 1045 170 1102 Uti
186 1044 341 1117 colloquiis
356 1046 420 1116 ejus
436 1063 569 1117 quarens
584 1044 760 1100 manifestis.
1745 1048 1831 1124 toda,

123 1132 240 1189 Audivit
254 1150 331 1200 roro,
347 1137 445 1189 votum
463 1133 532 1205 quia
548 1134 648 1189 fecerit
662 1133 735 1205 ipsa,
1001 1133 1068 1206 lpse
1083 1133 1145 1189 dies
1162 1134 1271 1206 templo
1287 1135 1432 1208 condigne
1447 1136 1670 1205 sanctificando,

123 1222 203 1278 Velle
219 1222 377 1294 puellarem
393 1228 472 1278 casto
488 1240 601 1278 servare
617 1223 767 1295 pudorem.
1002 1222 1032 1279 lu
1049 1223 1134 1294 cujus
1150 1223 1244 1278 noctis
1259 1224 1355 1280 modio
1371 1241 1460 1297 quam
1476 1224 1611 1298 pluribus
1626 1225 1678 1281 illo
1692 1228 1717 1263 ⁸¹

125 1314 192 1381 Qua
208 1328 276 1367 cum
292 1312 420 1367 tardaret
435 1312 491 1367 cito
507 1328 559 1367 acc
573 1312 727 1383 procedere
738 1310 831 1379 vellet,
1002 1311 1098 1367 Tertio
1114 1311 1278 1384 conspicua
1294 1314 1442 1386 quondam
1459 1313 1567 1370 fulsere
1581 1314 1722 1382 lucernae,

125 1402 207 1471 Quod
222 1401 304 1473 prius
320 1401 462 1469 audierat,
478 1418 579 1456 vorum
596 1401 656 1457 fora
671 1400 754 1456 valde
771 1401 909 1469 timebat;
934 1472 938 1476 Ι
1001 1401 1036 1456 m
1050 1401 1128 1473 quod
1143 1402 1165 1436 ¹⁰
1180 1406 1351 1458 cunctorum
1367 1402 1476 1475 pariter
1490 1404 1657 1460 venerabile
1671 1405 1784 1461 festum

124 1489 945 1563 Impatiensquemoradomnam⁸¹precibusplacatOdam,
1001 1490 1175 1546 Sanctorum
1189 1491 1263 1548 vasti
1278 1493 1299 1528 ¹¹
1314 1493 1410 1548 fuerat
1424 1510 1475 1565 per
1489 1492 1609 1549 climata
1625 1494 1746 1564 mundi,

124 1579 221 1636 Donec
237 1579 301 1651 ipsa
315 1595 399 1634 suam
408 1579 499 1650 jussit
514 1580 667 1650 procedere
684 1583 792 1647 natam,
1002 1579 1147 1653 Principio
1163 1581 1274 1637 mensis
1290 1580 1498 1637 celebrandum
1514 1581 1568 1639 rito
1589 1583 1779 1640 Novembris.

125 1667 264 1725 Ornatam
280 1666 399 1741 pulchre
416 1666 495 1723 cultu
511 1667 600 1723 vestis
616 1668 758 1740 pretiosa,
1002 1667 1061 1723 llac
1077 1668 1156 1725 fama
1168 1669 1270 1742 templi
1284 1669 1395 1743 passim
1411 1676 1565 1729 resonante
1581 1673 1604 1708 ¹¹
1618 1674 1774 1742 sacrandi,

123 1757 242 1814 Necnon
258 1756 414 1831 gemmatis
429 1774 605 1828 sponsarum
623 1774 702 1813 more
719 1757 855 1814 metallis.
963 1795 987 1858 B
1002 1756 1136 1830 Undique
1151 1759 1302 1830 permultae
1319 1778 1386 1816 mox
1401 1762 1566 1819 confluxere
1577 1766 1715 1832 catervae,

122 1848 175 1902 Ast
190 1847 239 1902 ubi
257 1846 444 1902 Bernhardus
456 1846 539 1915 vidit,
557 1864 646 1918 quam
662 1847 848 1915 desideravit,
1001 1846 1141 1919 Optantcs
1157 1847 1213 1903 diei
1230 1855 1388 1920 presentes
1404 1867 1468 1906 csse
1483 1851 1600 1908 celebri.

124 1935 175 1992 llis
189 1935 285 1992 verbis
300 1953 398 1991 caram
411 1935 526 1991 causari
542 1936 633 1991 fertur
648 1935 772 1990 amicam
791 1953 798 1991 :
1001 1934 1117 1991 Scilicet
1130 1953 1240 1992 aurora
1256 1937 1351 2010 primo
1368 1940 1494 1995 candore
1509 1940 1647 2009 micante,
1719 1993 1723 1999 .

127 2026 219 2080 «Non
236 2042 301 2080 raro
315 2025 415 2092 didici,
431 2025 511 2079 fama
525 2025 698 2096 procedente
714 2023 844 2092 sinistra,
1000 2023 1103 2079 Omnis
1119 2030 1286 2081 nostrarum
1303 2027 1447 2083 collectim
1463 2029 1485 2064 ¹³
1501 2029 1586 2085 turba
1601 2046 1754 2102 sororum,

125 2115 205 2180 Quod
222 2119 254 2169 tu
268 2115 291 2149 ⁸¹
307 2113 409 2169 nitaris
422 2115 444 2148 ⁸³
460 2119 592 2168 nostrum
606 2114 789 2186 disrumpere
809 2119 928 2186 pactum
1001 2113 1150 2186 Susceptis
1166 2120 1354 2187 patronorum
1370 2117 1546 2190 gratulando
1565 2118 1684 2192 piorum

125 2205 161 2260 at
176 2203 242 2259 fidei
259 2204 353 2259 foedus
369 2203 544 2258 servandum
561 2204 670 2259 solvere
685 2220 816 2275 prorsus¹
1000 2203 1177 2275 Corporibus
1189 2205 1291 2272 saeris,
1308 2206 1403 2279 pergit
1418 2207 1625 2263 resonantibus
1640 2208 1765 2282 hymnis

125 2293 161 2348 st
175 2310 253 2348 nune
269 2293 304 2347 ad
321 2291 430 2348 bellum
447 2292 533 2346 citius
548 2309 701 2364 properare
715 2293 846 2347 futurum
1000 2292 1042 2346 Ad
1058 2292 1121 2348 loca
1136 2293 1258 2348 caenobii
1274 2312 1390 2350 summo
1407 2295 1561 2351 conamine
1576 2297 1694 2354 structi.

126 2383 270 2454 Praecepto
285 2381 361 2455 regis
376 2397 472 2453 cogor,
490 2381 580 2436 nestri
593 2381 726 2437 senioris
1000 2382 1082 2436 Tuae
1098 2383 1215 2438 tandem
1232 2383 1346 2439 eunetis
1363 2384 1398 2438 ad
1415 2384 1527 2441 cultum
1544 2386 1599 2441 rite
1615 2387 1733 2459 paratis

125 2473 198 2528 lliuo
213 2476 329 2543 tempus
345 2471 421 2542 qnod
438 2488 516 2525 nune
531 2472 553 2505 ⁸⁴
568 2488 624 2526 uon
637 2475 681 2526 est
692 2471 746 2526 hoe
757 2471 944 2538 discutiendi,
1000 2471 1088 2539 Festi,
1105 2471 1291 2528 Wichhertus
1315 2473 1420 2545 presul
1440 2474 1495 2546 (44)
1511 2475 1627 2530 Domini
1654 2464 1831 2535 benodiotbs

124 2560 153 2619 Si
170 2561 286 2616 redeam
302 2563 379 2614 certe
395 2576 506 2630 sospes,
524 2559 681 2614 comitante
696 2559 801 2627 salute,
1000 2559 1120 2614 Dedicat
1134 2560 1188 2615 hoc
1201 2561 1342 2633 templum
1359 2561 1475 2617 Domini
1489 2562 1544 2617 sub
1559 2562 1671 2621 honore
1688 2566 1830 2623 decorum

122 2649 201 2707 Scito
214 2648 316 2724 procul
331 2648 430 2716 dubio,
448 2648 526 2720 quod
541 2653 567 2703 te
583 2648 717 2704 mihimet
732 2649 848 2704 sociabo
1000 2648 1143 2705 Omnibus
1159 2649 1195 2704 ad
1211 2648 1328 2705 laudem
1345 2650 1455 2707 sanctis
1469 2667 1520 2723 per
1535 2652 1613 2708 secla
1637 2671 1813 2726 perennem,

120 2742 215 2812 Atque
229 2739 273 2794 tui
287 2742 387 2794 votum
404 2737 521 2810 penitus
537 2738 735 2809 pessumdabo
757 2753 875 2792 vanum.
893 2759 907 2787 s
999 2738 1128 2802 Quorum
1144 2755 1223 2794 nune
1238 2740 1344 2795 festum
1359 2739 1446 2812 digne
1462 2739 1557 2796 fuerat
1571 2741 1797 2800 celebrandum.

120 2829 247 2897 Dixerat,
258 2832 287 2884 et
300 2828 410 2895 dextra,
425 2831 576 2900 permotus
591 2829 698 2895 moute,
716 2824 818 2894 levata,
999 2826 1058 2882 lloc
1070 2828 1092 2861 ¹¹
1107 2844 1176 2883 nam
1191 2828 1268 2883 facta
1283 2829 1339 2884 fuit
1354 2827 1424 2884 olari
1439 2829 1563 2886 sacratio
1583 2830 1703 2904 templi,

119 2920 205 2977 Jurat
219 2935 271 2991 per
280 2907 423 2991 gladium,
436 2933 487 2989 per
497 2914 687 2971 candidulum
698 2932 813 2987 quoque
824 2914 942 2985 collum,
998 2914 1121 2971 Centum
1139 2917 1288 2973 mansuris
1303 2921 1368 2973 octo
1383 2917 1497 2973 vicibus
1512 2918 1652 2976 revolutis

119 3009 206 3065 Juxta
221 3005 366 3080 possessi
384 3005 469 3061 factis
486 3004 624 3077 praedicta
640 3004 754 3077 repleri.
998 3002 1116 3058 Oetonis
1132 3005 1225 3074 denis,
1241 3022 1300 3060 nno
1317 3005 1424 3077 pariter
1439 3012 1624 3079 superaucto,

120 3098 311 3169 Respondeas
326 3112 394 3169 ergo
410 3095 538 3166 Gerbcrg
552 3093 592 3148 ait
608 3110 656 3149 ore
672 3094 804 3149 modesto
821 3111 827 3149 :
998 3090 1157 3164 Postquam
1172 3094 1253 3167 virgo
1268 3093 1408 3166 puellaris
1424 3095 1486 3151 sino
1501 3097 1586 3152 sorde
1602 3099 1729 3170 pudoris

123 3208 137 3238 a
152 3185 267 3242 Christo
282 3202 329 3240 me
343 3188 434 3240 totam
446 3183 596 3238 committo
608 3199 703 3237 meam
715 3200 831 3255 quoquo
841 3183 942 3253 vitam,
955 3165 979 3231 'C
999 3179 1148 3237 Sociorum
1163 3199 1261 3255 regem
1277 3184 1389 3256 peperit
1404 3183 1615 3259 propriumque
1626 3188 1648 3223 ¹⁸
1659 3194 1825 3261 parentem.

123 3274 217 3348 thue
232 3275 282 3330 frat
297 3274 333 3329 de
347 3290 393 3328 mo
404 3274 490 3343 juxta
505 3272 631 3340 Domini,
648 3288 727 3343 rogo,
745 3271 827 3326 velle.
845 3294 858 3322 n
1002 3270 1084 3325 rlunc
1099 3288 1210 3342 empore
1224 3271 1296 3327 loeis
1312 3272 1440 3345 primum
1457 3273 1642 3333 silvestribus
1657 3275 1720 3335 illis

123 3363 174 3420 llis
189 3363 230 3418 ita
244 3362 398 3434 colloquiis
414 3365 516 3416 mutuo
531 3377 665 3416 sermone
681 3362 815 3433 peractis,
1001 3358 1137 3415 Carmina
1152 3361 1255 3416 divina
1271 3360 1368 3417 laudis
1383 3361 1459 3418 clare
1475 3381 1621 3420 resonare.

125 3452 274 3509 Bernhard
288 3453 311 3507 tl
327 3468 394 3505 mox
409 3450 491 3518 abiit,
508 3465 637 3521 casuque
652 3468 705 3505 suo
720 3451 777 3506 cito
793 3452 895 3520 sensit,
1001 3447 1070 3503 Exin
1087 3450 1109 3484 ¹⁶
1124 3453 1152 3505 et
1168 3448 1247 3505 illias
1263 3451 1353 3506 nostri
1371 3450 1502 3507 collectio
1517 3457 1611 3508 coetus

124 3540 169 3597 Nil
186 3546 288 3597 eontra
307 3539 463 3596 Dominum
488 3556 704 3611 quemeumque
726 3539 820 3597 valore
844 3559 945 3615 super·
1000 3536 1062 3592 lliic
1075 3539 1238 3610 permansit
1252 3539 1497 3614 Dominojugiter
1511 3541 1695 3599 famulando.

122 3632 158 3688 Et
172 3632 241 3705 quia
255 3631 321 3704 plus
332 3631 413 3702 justo
431 3628 553 3702 deliquit
567 3630 666 3684 inania
681 3630 778 3698 fando,
844 3632 943 3705 [bean
999 3628 1034 3683 m
1047 3627 1115 3684 lieet
1129 3628 1279 3685 abbatissa
1294 3646 1410 3703 gregem
1427 3632 1573 3705 Gorberga
1587 3639 1737 3691 recentem

121 3720 234 3778 Decidit
249 3721 278 3775 in
294 3718 370 3776 bello
385 3718 479 3774 victus
493 3719 599 3774 virtute
614 3736 751 3790 superna.
998 3716 1088 3772 Caute
1105 3722 1232 3773 servaret
1247 3720 1268 3754 ⁰¹
1285 3719 1395 3775 crebris
1410 3720 1588 3793 monitisque
1605 3723 1726 3780 doceret
1738 3725 1771 3793 ⁸⁸,

118 3814 158 3869 Ae
172 3809 278 3867 Christi
293 3811 374 3884 virgo
390 3809 489 3882 sponsi
507 3808 633 3864 caelestis
651 3810 742 3864 amori
998 3807 1173 3862 Conseruere
1189 3825 1248 3863 suae
1265 3808 1380 3864 fuerant
1394 3810 1416 3845 ¹⁹
1431 3826 1494 3882 qua
1509 3826 1640 3883 congrua
1654 3812 1722 3868 vitae

118 3903 155 3961 Se
167 3918 234 3958 mox
248 3898 409 3972 conjunxit,
427 3915 515 3971 quem
531 3901 610 3953 casto
626 3915 742 3970 semper
753 3899 869 3955 amavit.
997 3896 1103 3952 Contra
1119 3897 1300 3969 propositum
1318 3915 1369 3953 acc
1381 3898 1452 3970 quid
1467 3903 1582 3971 patrare
1598 3901 1769 3973 profanum,

153 3991 244 4062 Cujus
259 3988 404 4061 primatus
419 3991 510 4056 sexto,
527 3985 557 4040 ni
574 3985 669 4054 fallor,
685 3985 714 4041 in
731 3990 941 4061 auno(on.8utt)
996 3984 1109 4040 Damna
1124 3989 1222 4041 tamen
1238 3987 1434 4042 conversando
1450 3987 1484 4023 ¹⁰⁰
1498 3986 1674 4045 venerabilis
1689 3991 1752 4048 Ode

118 4081 197 4137 Brun
213 4079 282 4145 dux,
295 4076 448 4132 ecelesiam
464 4079 619 4147 promptus
631 4074 784 4132 defendere
796 4081 939 4146 sanctam,
997 4072 1076 4129 lutra
1091 4073 1220 4130 claustra
1232 4074 1401 4131 monasterii
1414 4093 1485 4131 cura
1498 4075 1633 4150 vigilanti

119 4169 242 4225 Incursu
258 4166 293 4222 dc
308 4181 449 4221 saevorum
467 4163 538 4220 satis
553 4163 748 4237 Ungariorum
764 4165 821 4236 (43)
996 4162 1151 4219 Scrutatur
1165 4165 1388 4235 conjunctarum
1404 4181 1532 4240 persepe
1547 4150 1686 4226 sororum

119 4255 194 4314 Proh
210 4255 308 4312 dolor!
325 4271 360 4310 ex
374 4253 447 4326 ipsis
462 4252 577 4307 Domini
593 4253 690 4326 pravis
705 4253 833 4309 inimicis
993 4252 1083 4308 Actus
1099 4256 1128 4308 et
1143 4251 1284 4321 studium,
1302 4270 1407 4322 mures,
1420 4254 1483 4310 vitae
1499 4272 1616 4329 quoque
1632 4275 1768 4328 cursum,

119 4345 277 4414 Occiditur,
295 4343 373 4400 binis
388 4358 455 4397 cum
472 4341 646 4414 praesidibus
662 4343 844 4410 venerandis,
995 4341 1035 4395 Ne
1046 4340 1101 4410 vel,
1115 4346 1283 4414 contempta
1298 4342 1329 4377 ¹⁰¹
1345 4344 1486 4414 majorem
1502 4342 1566 4417 lege
1580 4349 1746 4418 sequenda,

118 4435 262 4493 Omnibus
277 4438 365 4505 atque
379 4431 449 4487 viris
465 4429 588 4503 propria
605 4431 713 4502 pariter
727 4430 859 4505 legionis.
992 4429 1094 4486 Vivere
1109 4429 1171 4503 lege
1186 4447 1240 4485 sua
1255 4431 1375 4503 reprobe
1391 4433 1424 4467 ¹⁰²
1438 4440 1627 4504 presumeret
1643 4435 1716 4507 ulla,

118 4526 179 4590 Ouo
195 4540 262 4578 mox
275 4521 380 4587 occiso,
394 4520 496 4591 junior
510 4520 598 4574 frater
612 4537 685 4574 suus
699 4521 721 4553 ¹⁵
734 4520 815 4576 Oddo
954 4534 977 4598 [J
993 4519 1042 4576 Vel
1056 4518 1138 4575 locus
1154 4518 1248 4574 illiciti
1263 4519 1337 4575 foret
1350 4520 1439 4576 ullius
1455 4523 1487 4556 ¹⁰³
1501 4525 1673 4596 peragendi,
1742 4582 1749 4591 ,

117 4615 180 4672 Dux
196 4613 290 4668 factus
306 4609 405 4683 populi
423 4609 498 4664 dono
514 4609 591 4681 regis
607 4607 782 4678 illudowici,
994 4608 1190 4681 llxemploque
1206 4626 1259 4664 suo
1275 4611 1525 4681 praemonstravit
1540 4612 1573 4646 ¹⁰¹
1587 4612 1736 4672 facienda.

117 4700 278 4775 Respondit
293 4699 377 4756 factis
392 4701 499 4755 sancta
514 4701 579 4754 voto
594 4696 755 4771 genitricis,
993 4698 1029 4754 st
1043 4715 1095 4754 ceu
1111 4697 1264 4770 prudentis
1280 4698 1311 4733 ¹⁰³
1326 4698 1421 4756 dulcis
1435 4700 1551 4757 dileetio
1566 4702 1675 4760 matris

151 4792 233 4849 Vers.
249 4790 311 4847 369.
1027 4787 1110 4844 Vere.
1128 4789 1180 4843 417

790 4912 911 4972 vatilla
931 4914 1139 4972 LDCTIONDS.

120 5044 173 5099 .¹⁰
188 5041 266 5099 iord.
283 5039 398 5096 Caelesti
424 5039 521 5094 ferat.
541 5040 581 5092 lb.
619 5039 640 5073 ⁸¹
657 5038 806 5120 dominam
824 5040 847 5094 l.
866 5041 908 5094 lb.
946 5042 1013 5095 ¹¹¹to
1038 5041 1122 5094 l.lb.
1161 5039 1183 5074 ¹³
1199 5039 1301 5122 nitens
1323 5040 1363 5094 lb.
1402 5040 1549 5113 ¹‘quodni
1574 5042 1820 5117 l.lb.quoaiam

116 5117 186 5188 conj.
203 5115 273 5195 3·.'¹:
311 5113 333 5147 ⁸¹¹
349 5111 539 5193 ltcrnhradd.
557 5111 583 5164 3.
621 5112 644 5190 ¹¹
659 5128 678 5164 r.
695 5126 719 5165 s.
737 5111 756 5164 f.
775 5113 799 5165 1.
838 5112 1213 5194 ¹¹p3oto.coaj.3.ce2.
1252 5111 1273 5144 ¹⁸
1291 5114 1513 5193 crocomagma.
1530 5130 1555 5168 o.
1574 5115 1636 5169 410.
1653 5115 1818 5172 dominat.

117 5189 158 5242 lb.
196 5187 219 5221 ¹¹
234 5184 293 5239 rlhe
308 5200 377 5254 con).
394 5185 420 5236 3.
459 5183 482 5216 ⁹¹¹
497 5189 535 5235 rur
549 5184 576 5235 3.
593 5182 765 5252 quidllb.
803 5183 951 5238 ¹¹fastrl.
988 5183 1255 5238 ”resonatctlb
1294 5183 1680 5243 ¹³ct23.colleetuml.tb.
1719 5189 1817 5245 “scit

115 5259 200 5314 festo.
238 5257 310 5311 ⁹⁶ita
325 5254 395 5360 corp.
410 5254 437 5308 3
456 5253 762 5378 propriamquet.lb.
801 5255 910 5309 96Εκίιι
926 5260 971 5310 est
987 5256 1012 5309 1.
1030 5255 1101 5309 Exin
1117 5257 1145 5308 ct
1160 5255 1200 5307 lb.
1218 5269 1252 5307 cx
1266 5257 1336 5309 tanc
1351 5258 1378 5308 2.
1396 5255 1427 5309 ll.
1444 5256 1464 5309 i.
1481 5273 1509 5312 n.
1526 5261 1571 5311 est
1589 5274 1615 5311 e.
1633 5258 1661 5312 4.
1700 5259 1816 5316 ”teob

116 5329 330 5386 servarettb.
380 5327 604 5380 ¹traducere
627 5326 711 5378 l.lb.
750 5324 879 5380 ¹⁹fuerat
903 5327 928 5380 1.
967 5326 1234 5381 ¹⁰⁰conservanol.
1275 5326 1561 5398 ¹⁰¹eoaoeptal.lb.
1601 5329 1815 5402 ¹⁰¹repr0b03.

116 5402 149 5435 ¹⁰³
164 5404 202 5456 ito
217 5402 243 5455 3.
263 5398 342 5453 illius
359 5398 383 5451 1.
403 5399 442 5451 lb.
484 5396 516 5431 ¹⁰¹
531 5396 741 5451 domonstravit
757 5397 781 5450 l.
822 5398 854 5431 ¹⁰³
869 5398 1006 5470 pudentis
1023 5399 1047 5453 1.

903 5497 1020 5553 Norae

146 5597 203 5666 (43)
218 5594 486 5663 Nordmannorum,
503 5595 539 5649 cf.
556 5596 631 5649 Anii.
649 5593 732 5649 ruta.
750 5611 776 5649 a.
793 5595 856 5649 880.
1020 5596 1076 5668 (44)
1093 5592 1401 5681 llildcnesheimonsis.
