3908 6082
120 247 180 314 aar
786 244 837 308 ou
858 245 951 308 ura
972 244 1004 309 s.
1026 244 1163 310 sasoar
1257 328 1259 332 ¹
1761 240 1820 314 rsa

122 381 314 440 collocaverat
336 386 528 455 apparatum;
542 380 572 436 in
597 380 683 454 cujus
706 354 823 453 superbi
848 377 945 435 divitis
959 381 988 447 Α
1001 378 1162 450 ctissimus,
1176 380 1375 437 misericordia
1389 378 1628 456 benignissimus.
1641 398 1756 439 morum
1769 382 1821 438 ho·

121 474 217 545 gestu,
231 468 314 526 vultu
327 474 357 526 et
372 469 474 526 habitu
490 468 562 526 nihil
577 485 665 542 quam
682 468 829 525 saecularis
844 472 943 540 poten·
999 472 1112 524 aestate
1124 467 1297 542 precipuus,
1302 470 1453 541 jucundus
1465 472 1495 527 in
1507 488 1650 537 sermone,
1660 472 1780 529 devotus
1791 472 1821 530 in

121 559 167 618 tia
182 563 281 615 tumor
296 559 451 615 insederat.
469 559 537 614 Erat
552 559 642 631 igitur
655 574 690 614 ea
700 558 840 631 diemque
851 557 945 614 saneti
998 557 1212 629 praedieatione,
1229 558 1336 630 pietate
1351 558 1518 628 laudabilis,
1533 561 1674 616 suavitate
1685 560 1821 632 arabilis,

120 646 394 718 eonsessorishujus
402 647 756 720 exspectabaturventura
763 644 943 703 solemnitas.
999 644 1095 701 nudos
1108 645 1282 701 vestimento
1296 649 1407 719 tegens,
1425 645 1523 703 surdis
1537 646 1670 702 auditum
1685 648 1822 717 reddens,

118 736 272 810 arrigitur
286 733 349 791 suis
365 753 372 790 :
388 736 463 791 Ante
478 734 641 791 diluculum
657 739 748 791 estote
764 733 867 807 parati,
875 733 945 806 quia
999 749 1089 789 cecos
1103 731 1286 802 illuminans,
1303 735 1447 791 damonia
1462 735 1498 790 ab
1509 734 1637 791 obsessis
1651 736 1823 808 corporibus

119 843 184 883 eras
200 828 336 881 venatum
352 824 393 879 ire
408 823 551 896 disposui.
569 823 647 879 luter
661 838 744 895 quos,
759 822 808 895 qui
820 821 945 879 sanioris
998 819 1164 877 eliminans.
1183 821 1313 895 Denique
1327 841 1387 878 sure
1407 821 1593 881 resolutionis
1616 823 1694 879 diem
1717 825 1821 898 spiritu

120 912 228 971 mentis
243 913 424 977 exstiterant,
440 912 477 967 ab
488 912 541 966 hac
555 911 716 967 intentione
727 910 888 983 principem
900 927 945 967 co·
999 909 1157 981 prophetia
1173 911 1227 966 sihi
1245 913 1407 983 praesidens
1417 912 1580 980 imminere,
1593 913 1623 967 in
1633 914 1822 985 Aquitaniam

120 1002 268 1059 nabantur
282 1005 420 1067 avertero,
437 1001 566 1055 dicentes
583 1016 680 1055 sacras
696 998 809 1072 vigilius
825 999 942 1067 adesse;
998 996 1137 1070 dirigens,
1155 1004 1290 1070 nepotem
1302 1017 1388 1056 suum
1400 1000 1436 1055 ad
1448 1017 1478 1056 se
1489 1006 1623 1056 sanctum
1636 1007 1775 1059 convocat
1784 1004 1821 1060 ab

121 1091 204 1148 atati
219 1090 317 1164 potius
332 1104 416 1161 opere
432 1089 621 1161 parcendum,
641 1092 728 1144 tantm
748 1087 805 1144 diei
830 1105 944 1144 servare
998 1087 1070 1142 urbs
1088 1088 1239 1144 Lemovices
1249 1088 1442 1157 llalsemium3
1457 1090 1506 1162 qui
1519 1089 1822 1162 statim,bujusPatris

119 1177 321 1244 reverentiam,
336 1176 393 1232 sibi
409 1176 503 1249 magis
518 1175 729 1247 quiescendum
745 1180 773 1231 et
788 1192 851 1231 esse
862 1175 945 1231 teria
997 1174 1142 1248 legatione
1157 1181 1302 1248 suscepta,
1320 1178 1356 1233 ab
1372 1177 1430 1234 illis
1445 1179 1594 1251 egreditur
1608 1179 1728 1248 tinibus,
1736 1186 1822 1253 atque

120 1270 194 1324 tum.
212 1265 396 1336 Contraque
413 1263 461 1319 ille
477 1264 652 1319 obstinatior
670 1281 724 1320 sua
744 1265 833 1320 verba
856 1267 942 1330 rotat,
997 1261 1090 1336 ipsius
1116 1280 1146 1320 se
1170 1270 1326 1338 presentat
1347 1271 1495 1339 gratanter
1520 1268 1698 1340 aspeetibus.
1716 1268 1768 1326 Cui
1788 1270 1819 1327 B.

120 1356 199 1430 quod
215 1353 328 1409 dixerat
338 1369 369 1408 se
380 1352 570 1425 impleturum
581 1353 688 1407 firmat.
696 1352 863 1409 Crastinum
872 1356 944 1408 tem·
997 1351 1119 1408 Basolus
1135 1354 1241 1409 asserit
1256 1353 1464 1427 perspiritum
1479 1356 1534 1412 sibi
1547 1356 1637 1414 luisse
1650 1357 1819 1427 revelatum,

120 1462 176 1520 pus
186 1444 351 1511 advenerat,
363 1440 430 1515 equi
443 1442 625 1509 sternuntur,
636 1441 819 1514 quatalibus
829 1440 944 1497 tuerent
997 1441 1075 1513 quod
1092 1441 1153 1512 ipse
1170 1442 1200 1497 in
1215 1443 1348 1512 ejusdcm
1365 1443 1543 1501 habitatione
1559 1445 1636 1502 cellas
1656 1445 1819 1505 conversari

119 1533 224 1593 officiis
240 1535 308 1604 apta
324 1529 675 1604 preparantur,oapturis
686 1528 870 1587 silvestribus
883 1533 943 1586 ten·
995 1527 1101 1586 debeat
1115 1529 1400 1600 postobitumsuum
1411 1548 1417 1587 :
1427 1533 1820 1608 cujussalutariapraecepta,

120 1624 194 1681 dunt
209 1622 306 1677 frenos
322 1620 514 1675 committere.
530 1619 587 1674 Nee
599 1635 690 1685 mora,
702 1619 869 1692 spumantis
879 1618 943 1690 apri
997 1616 1132 1673 othonus
1144 1615 1222 1674 blius
1234 1619 1402 1676 obedienter
1413 1620 1607 1693 amplectitur.
1617 1622 1716 1694 ltaque
1726 1640 1821 1696 quan·

118 1726 240 1768 cursum
256 1707 304 1764 ille
320 1706 480 1779 insequens
494 1723 587 1778 usque
598 1707 634 1762 ad
645 1707 817 1779 predictum
831 1705 942 1763 silvula
957 1748 982 1814 B
999 1703 1049 1761 diu
1065 1705 1193 1778 posthae
1208 1706 1236 1762 in
1253 1724 1372 1780 corpore
1383 1709 1588 1767 sanctissimus
1598 1711 1757 1784 supervixit
1768 1713 1822 1769 Ba·

120 1801 275 1872 aggestum
291 1794 498 1868 pervolaverat.
517 1793 569 1851 Hie
589 1810 656 1850 mox
678 1809 753 1866 equo
778 1794 893 1852 labente
907 1795 943 1852 ad
1002 1793 1093 1861 solus,
1109 1794 1139 1851 hi
1156 1794 1213 1851 duo
1229 1795 1283 1851 viri
1299 1797 1474 1854 nobilissimi
1491 1799 1521 1854 iu
1534 1799 1638 1856 timore
1653 1800 1770 1857 Domini
1780 1818 1824 1857 re-

120 1891 230 1947 terram
240 1884 368 1959 graviter
378 1884 545 1941 contractus
556 1882 733 1952 devolvitur;
746 1883 948 1957 itaeorreptus
1001 1880 1189 1956 ligiosissime
1204 1889 1275 1941 suat
1289 1889 1458 1943 conversati.

121 1992 180 2033 non
191 1976 256 2048 jam
271 1988 356 2046 equo,
374 1972 424 2029 sed
435 1970 566 2028 humeris
579 1970 733 2027 hominum
744 1971 900 2044 impositus
910 1973 947 2030 ad
1322 1977 1386 2031 Dies
1408 1977 1505 2033 obitus.

120 2082 177 2123 sua
190 2064 370 2136 deportatur,
388 2061 465 2117 diem
485 2061 569 2117 illum
595 2060 725 2117 venerari
741 2060 777 2116 de
792 2066 904 2130 cetero,
921 2062 946 2118 si
1037 2061 1082 2116 27.
1099 2060 1702 2134 beniqueeumJamdiviaaelcmentiatot
1713 2066 1828 2125 labores

121 2152 187 2208 rite
202 2151 381 2218 redderetur,
395 2148 553 2221 pollicitus.
1003 2154 1117 2205 eternae
1132 2150 1334 2208 retributionis
1355 2152 1460 2225 dignos
1484 2154 1660 2222 decerneret,
1677 2157 1747 2229 quia
1769 2173 1827 2213 aon

218 2239 386 2311 Suspensum
397 2239 427 2293 ia
439 2238 563 2310 patibulo
579 2238 742 2295 incolumem
756 2246 854 2295 servat.
1004 2234 1090 2292 aliter
1104 2237 1336 2295 immortalitatis
1351 2238 1445 2312 gloria
1458 2241 1558 2299 vestiri
1574 2247 1696 2315 poterat,
1708 2243 1766 2301 nisi
1776 2259 1828 2317 pro

162 2329 207 2385 25.
225 2326 387 2385 steterimus
402 2330 430 2382 et
446 2325 526 2383 aliud
541 2344 600 2382 noa
613 2328 834 2385 contemnanda
845 2328 885 2383 rei
899 2327 950 2383 mi·
1005 2325 1102 2381 debito
1117 2325 1213 2381 earnis
1229 2326 1344 2383 mortali
1369 2333 1473 2386 exutus
1498 2332 1625 2403 tegmine
1650 2331 1762 2400 luisset,
1779 2348 1830 2404 per

129 2416 273 2483 rasulam,
289 2414 320 2472 in
335 2433 393 2488 quo
409 2433 468 2472 uno
487 2414 548 2472 sela
574 2414 685 2487 liquido
711 2419 818 2487 pateat,
835 2419 951 2488 quanta
1006 2414 1200 2487 quadraginta
1212 2430 1306 2471 anuos
1321 2415 1380 2473 Deo
1404 2418 1543 2490 probatus
1567 2435 1601 2476 ao
1624 2421 1769 2492 perlectus
1784 2420 1829 2477 in·

128 2505 217 2565 luerit
230 2504 346 2561 virtutis
361 2509 390 2560 et
405 2504 511 2571 meriti,
524 2505 609 2576 eujus
621 2502 806 2560 solummodo
821 2503 952 2560 invocato
1005 2506 1122 2571 ventus,
1136 2519 1211 2559 onus
1225 2503 1375 2575 deponens
1391 2507 1520 2577 eorporis
1534 2506 1639 2564 crolum
1656 2508 1828 2582 ingreditur,

129 2594 249 2652 nomine
265 2609 344 2650 mors
355 2594 510 2665 jussuum
524 2590 660 2665 perdidit,
676 2597 705 2649 at
719 2592 847 2665 predam
863 2607 952 2666 quam
1007 2590 1100 2647 beatis
1115 2589 1254 2663 angelicis
1269 2591 1422 2664 spiritibus
1438 2596 1700 2668 sociandus,atque
1710 2597 1740 2653 in
1751 2600 1831 2654 ater

130 2683 209 2743 intra
223 2683 322 2739 lauces
338 2697 411 2755 pene
425 2684 608 2738 contraxerat
622 2681 782 2754 utponitus
794 2680 954 2739 absorbeas
1008 2694 1079 2735 num
1095 2679 1158 2734 sine
1174 2678 1231 2735 tine
1242 2678 1390 2749 viaturam
1407 2682 1437 2738 in
1448 2698 1506 2755 quo
1517 2683 1830 2753 modolrstatur,modo

130 2772 292 2845 inglutiret,
300 2771 406 2827 virtute
417 2771 509 2827 saneti
522 2768 617 2826 Basoli
631 2775 768 2843 superata
780 2785 838 2825 non
849 2768 952 2843 potuit.
1007 2767 1124 2842 gaudet,
1141 2768 1228 2825 modo
1243 2770 1386 2825 bonorum
1402 2772 1537 2828 omnium
1552 2770 1628 2828 satiei
1644 2771 1832 2845 jucunditate

130 2862 235 2921 Dicant
250 2859 299 2916 alii
314 2860 384 2933 quid
400 2858 528 2915 sentiant
542 2864 570 2916 et
584 2859 685 2928 velint,
696 2875 749 2932 ego
762 2862 859 2915 autem
871 2859 956 2932 proil-
1009 2855 1178 2930 perfruitur,
1185 2856 1236 2929 qui
1243 2873 1394 2930 nunquam
1405 2860 1435 2915 ia
1446 2858 1500 2916 hae
1508 2859 1567 2918 vita
1577 2861 1708 2933 requiem
1716 2859 1830 2930 habuit,

130 2954 194 3008 teor
207 2952 236 3007 et
247 2946 427 3021 testor,quio
435 2946 603 3020 ubieunque
611 2963 642 3004 se
649 2947 854 3021 opportunitas
863 2946 954 3014 dedit,
1009 2960 1161 3016 nunquam
1176 2946 1299 3003 cessavit
1313 2946 1404 3003 donee
1419 2947 1456 3003 od
1471 2963 1538 3003 eum
1559 2948 1721 3020 perveniret
1745 2963 1832 3021 quem

132 3040 157 3097 si
171 3053 239 3094 vera
253 3054 288 3095 ex
302 3036 358 3092 tide
369 3041 489 3110 rogatus
499 3042 544 3092 est
555 3037 632 3093 sieut
641 3036 791 3108 rogandus
800 3034 956 3105 tuitmise·
1010 3033 1270 3106 quaesierat,quem
1285 3039 1445 3108 optaverat,
1454 3036 1835 3107 quematdiudetotoeorde

113 3164 118 3170 »
132 3143 233 3184 rorum
246 3124 436 3182 necessitates
440 3125 517 3196 juvit
524 3129 613 3197 atque
626 3124 656 3181 in
669 3123 814 3181 mortibus
824 3112 992 3197 hequen-G
1011 3123 1042 3178 in
1057 3121 1112 3178 hae
1127 3120 1322 3196 laerymarum
1333 3123 1462 3181 convalle
1472 3123 1627 3197 suspirans
1638 3124 1833 3183 desiderabat.

131 3213 295 3288 terpestas
310 3211 446 3269 occurrit.
464 3212 555 3269 Homo
580 3212 701 3286 quidam
727 3216 790 3270 erat
814 3211 955 3270 vocabulo
1010 3211 1040 3268 Si
1056 3211 1123 3284 quis
1137 3227 1205 3285 ergo
1221 3211 1336 3285 plenius
1351 3213 1431 3270 hune
1445 3215 1540 3270 virum
1565 3230 1652 3273 nosse
1676 3215 1834 3284 desiderat,

132 3303 330 3378 Regenullus3
347 3303 396 3359 hic
411 3304 539 3376 quadarn
555 3302 677 3360 admissi
693 3304 903 3360 interveniente
914 3303 955 3359 la·
1011 3315 1100 3372 quam
1116 3299 1228 3357 sortiter
1242 3302 1298 3358 fide
1312 3303 1456 3358 mundum
1471 3303 1581 3370 vicerit,
1599 3301 1676 3376 legat
1696 3301 1770 3359 illud
1786 3301 1836 3360 ubi

132 3393 229 3455 ebone
244 3392 281 3450 ab
291 3392 465 3449 adversariis
476 3392 571 3449 luerat
580 3391 877 3465 comprehensus.Qui
888 3407 956 3448 oum
1011 3387 1183 3445 inscribitur
1192 3388 1218 3444 ai
1228 3404 1335 3445 nomen
1347 3405 1454 3446 novum
1466 3394 1495 3446 et
1505 3405 1612 3446 nomen
1623 3387 1750 3447 civitatis
1758 3402 1837 3448 aoso

132 3481 222 3542 morti
236 3483 301 3556 ejus
323 3480 491 3538 nullatenus
515 3495 633 3554 parcere
655 3478 825 3548 voluissent,
843 3479 879 3536 ad
894 3495 957 3536 me·
1011 3475 1174 3533 Jerusalem
1190 3475 1281 3549 (Apoc.
1298 3494 1340 3546 m,
1354 3479 1414 3546 12>;
1428 3482 1457 3535 et
1466 3492 1534 3534 oum
1544 3477 1719 3536 intellexerit
1729 3476 1838 3551 quibus

133 3572 216 3631 dium
232 3564 751 3641 dednetus,discussus,dijudieatus,
762 3568 881 3625 tandem
891 3582 960 3624 mox
1012 3563 1063 3620 illa
1078 3562 1180 3620 civitas
1196 3563 1305 3636 fulgeat
1321 3565 1511 3633 ornamentis,
1529 3566 1583 3622 hoa
1597 3570 1693 3622 totum
1707 3564 1750 3628 illi
1766 3582 1838 3624 oan-

133 3664 179 3720 sst
194 3657 327 3734 patibulo
342 3657 518 3716 affixus.Hic
529 3656 959 3730 ergosioutsratiutsreralam
1014 3652 1096 3720 terat,
1112 3667 1146 3708 eo
1162 3652 1239 3723 quod
1264 3651 1373 3709 ibidem
1397 3654 1613 3724 quodammodo
1637 3654 1701 3726 ipse
1723 3654 1795 3711 aivis
1809 3657 1840 3712 et

132 3753 302 3821 terramque
317 3763 492 3820 suspensus,
510 3763 579 3802 cum
594 3745 693 3803 anima
703 3745 767 3818 Jam
777 3743 807 3800 in
822 3745 961 3802 extremis
1014 3755 1166 3814 possessor
1180 3739 1272 3811 hujus
1286 3739 1412 3796 civitatis
1427 3757 1445 3796 a
1459 3739 1518 3796 Deo
1537 3740 1687 3798 conditore
1711 3741 1840 3799 ereditur

134 3841 243 3912 ageret,
253 3853 287 3892 ae
301 3833 829 3909 propemiserrimamanimamnodis
841 3837 960 3890 exactus
1015 3829 1045 3884 in
1060 3833 1233 3902 perpetuum
1249 3828 1438 3896 constitutus,
1454 3828 1550 3884 sactus
1562 3829 1626 3901 jam
1651 3829 1749 3886 suavis
1763 3827 1840 3886 inter

134 3920 962 3994 evomeredehuisset,interlaqusos(quodaliisestmorti·
1016 3915 1144 3990 paradisi
1156 3915 1284 3983 delicias,
1293 3932 1345 3971 nae
1355 3915 1436 3972 estin
1446 3932 1480 3972 co
1491 3915 1715 3984 macula.0uem
1723 3918 1842 3975 dextera

134 4016 192 4072 bus
207 4013 344 4086 aequius)
354 4011 444 4083 hujus
455 4009 651 4068 sanctisssimi
665 4009 840 4068 contessoris
854 4009 960 4068 Christi
1016 4003 1123 4062 Christi
1138 4003 1367 4076 amplectitur,et
1382 4004 1483 4060 trevam
1499 4005 1554 4062 sub
1570 4006 1665 4079 eapite
1675 4005 1839 4079 (danaus),

136 4103 235 4161 subito
250 4099 306 4158 sibi
317 4097 960 4173 memoriaineidit.Voeeitaquaquapoterat,
1017 4093 1098 4168 pacis
1112 4110 1216 4150 somno
1231 4093 1392 4163 dormiens,
1408 4095 1525 4166 premit,
1543 4094 1608 4151 ideo
1632 4112 1731 4152 eoram
1756 4112 1791 4165 eo
1811 4094 1842 4152 in

136 4192 276 4250 astrictus
286 4195 319 4246 ut
333 4193 395 4246 erat
409 4186 642 4256 saucibus,omni
657 4187 810 4245 conamine
825 4189 962 4263 spiritum
1018 4189 1159 4240 eternum
1175 4183 1263 4254 factus
1275 4190 1316 4238 eet
1330 4185 1361 4238 in
1368 4199 1435 4255 paee
1452 4183 1526 4240 locus
1540 4191 1567 4240 et
1580 4183 1711 4241 tarteria
1731 4187 1791 4256 ejus
1812 4185 1842 4240 ta

136 4277 534 4354 aotligenaeotispraecordiis
545 4275 965 4334 sanetumDeibasoluminvo
1018 4272 1085 4328 Sion
1102 4272 1187 4341 (Prot.
1202 4287 1283 4339 axxv,
1298 4272 1336 4340 3).
1353 4270 1430 4327 Dum
1446 4271 1536 4345 igitur
1551 4271 1657 4328 secula
1679 4277 1800 4329 manent
1813 4277 1843 4345 et

137 4374 226 4438 estet
240 4372 273 4425 at
287 4366 344 4424 sibi
360 4368 390 4423 in
401 4369 533 4422 extrema
543 4364 718 4421 necessitate
728 4371 866 4422 succurat
875 4365 965 4439 laery-
1019 4377 1076 4416 uox
1089 4376 1157 4416 eum
1173 4360 1219 4417 die
1233 4360 1359 4433 partitur
1373 4359 1542 4430 viees,t‘ama
1552 4359 1757 4433 praedicabitur
1768 4359 1799 4416 ia
1809 4375 1842 4416 eo

138 4455 287 4515 mabiliter
300 4450 964 4529 expostulat.Neoprivatasestereptorisauxi-
981 4478 1004 4544 D
1019 4449 1212 4507 sanctissima
1220 4449 1295 4515 vita,
1310 4455 1339 4505 et
1350 4466 1403 4507 nos
1412 4464 1564 4523 nunquam
1576 4449 1723 4505 immunes
1733 4448 1843 4506 erimus

138 4544 268 4613 lio;nam
284 4544 409 4617 laqueus
425 4559 492 4599 mox
507 4540 717 4614 rumpitur,ille
727 4542 764 4598 ab
776 4540 834 4598 alto
845 4541 964 4611 labitur,
1020 4539 1056 4595 ab
1072 4539 1165 4610 ipsius
1179 4536 1276 4593 laude.
1286 4537 1416 4594 Decessit
1427 4542 1525 4593 autem
1536 4536 1585 4593 hie
1593 4539 1736 4609 patronus
1745 4539 1844 4593 uester

138 4630 966 4708 poenaletormentumsolvitur.Superomnestimoratad-
1020 4628 1058 4685 ah
1072 4626 1127 4683 hau
1141 4624 1206 4682 luce
1224 4625 1261 4683 ad
1286 4625 1454 4693 Dominum,
1471 4626 1518 4682 die
1542 4629 1622 4682 sexto
1646 4624 1843 4682 Kalendarum

137 4720 256 4778 miratio
271 4719 391 4789 ruit‚ille
401 4719 517 4776 solutus
527 4723 556 4776 et
566 4717 639 4774 liber
649 4736 667 4775 a
677 4723 771 4776 morte
782 4719 967 4777 receditPlu·
1021 4716 1235 4784 Decembrium,
1252 4714 1282 4770 in
1297 4731 1331 4770 eo
1341 4714 1404 4771 loeo
1419 4730 1507 4786 quem
1522 4712 1578 4770 sibi
1593 4712 1844 4787 domposueratad

138 4826 186 4867 res
201 4826 319 4884 qnoque
333 4808 383 4864 atii
398 4823 449 4881 per
464 4808 580 4865 diversa
589 4806 719 4864 locorum
730 4808 766 4864 sd
780 4809 845 4880 ejus
855 4808 968 4866 invoca·
1021 4805 1170 4878 agendum
1187 4809 1294 4861 saneta
1309 4804 1374 4859 vite
1388 4802 1683 4876 propositum.Nepos
1697 4817 1764 4858 vero
1779 4801 1845 4874 ejus

139 4898 250 4955 tionem
264 4897 341 4955 sacri
357 4896 486 4954 nominis
501 4894 608 4954 lethale
623 4895 789 4968 perieulum
800 4903 965 4955 evaserunt.
1022 4893 1186 4951 balsemius
1200 4893 1306 4965 etipse
1320 4891 1526 4948 erratissimus
1540 4891 1571 4948 in
1585 4891 1687 4948 eodem
1704 4889 1779 4948 cells
1789 4907 1843 4947 us-

199 4986 368 5043 batremiam
382 4992 505 5059 nepotem
518 5001 553 5042 ec
564 4985 715 5058 areauna
729 4984 765 5040 ad
779 5000 807 5041 re
821 4994 905 5043 vocat
1022 4999 1079 5056 que
1094 4982 1130 5038 ad
1146 4981 1255 5038 exitum
1271 4995 1359 5038 suum
1374 4979 1493 5048 mansit,
1509 4980 1582 5037 bene
1607 4981 1701 5039 Patris
1724 4979 1772 5037 sui
1792 4995 1845 5054 per

175 5076 221 5132 26.
239 5072 306 5132 Fuit
321 5078 419 5131 autom
434 5073 512 5130 inter
526 5073 586 5130 haee
602 5073 631 5130 S.
648 5070 771 5129 basolus
791 5071 851 5157 rita
874 5073 967 5146 perte·
1022 5071 1123 5129 omnis
1134 5069 1257 5143 vestigio
1271 5071 1391 5126 secutus
1407 5066 1483 5140 (ts).

178 5200 238 5283 (18)
253 5199 347 5255 Sancti
366 5201 458 5256 basoli
480 5215 577 5271 cerpus
596 5198 632 5253 at
656 5197 802 5281 lltnramro
826 5197 971 5282 densorum
1023 5204 1099 5267 stepo
1125 5182 1208 5250 attor
1236 5195 1321 5277 hujras·
1350 5195 1471 5276 neminis
1500 5193 1637 5275 sccundus
1668 5195 1742 5276 ficri
1752 5194 1847 5265 jessit,

141 5268 970 5424 stataettttteatatatrtastt
1023 5263 1849 5420 attttttfldafttttttuaa.restittat

144 5412 257 5468 laterem
270 5420 407 5469 maestum
422 5413 545 5468 lectorem
561 5412 696 5479 uolumus,
713 5409 741 5464 S.
758 5410 849 5466 bosch
873 5426 970 5483 corpus
1025 5425 1097 5465 uano
1120 5425 1197 5480 repar
1219 5408 1262 5476 13,
1279 5406 1523 5478 archiepiscopatus
1548 5422 1609 5463 uero
1632 5406 1663 5462 a.
1680 5405 1788 5477 liudulfi
1802 5406 1846 5474 tt,

142 5484 336 5610 praeriperet
353 5484 480 5566 taculum
495 5485 525 5538 in
537 5484 650 5565 proprio
663 5483 826 5537 monasterio
839 5498 856 5536 α
870 5485 971 5538 nostris
1026 5483 1067 5537 oti
1081 5483 1111 5535 ia
1124 5495 1213 5552 capas·
1227 5478 1396 5554 suppedaneo
1412 5477 1520 5548 heitar.

243 5555 417 5625 ficentusrme
429 5570 564 5611 asseruere
584 5571 614 5610 m
637 5560 764 5624 eramiae
787 5551 872 5617 theca
889 5568 971 5624 quam
