3908 6082
123 310 182 373 tta
683 314 714 374 S.
739 307 874 372 natael
899 302 1067 369 saltatis
1090 305 1268 371 CLUNldG.
1775 303 1837 370 720

124 447 225 502 mardo
243 445 278 501 ad
295 445 496 503 Muimhodum
512 445 683 517 episcopum
700 443 948 500 Matisconensum
964 439 991 505 Α
1041 441 1087 496 20.
1105 440 1156 496 Per
1181 442 1209 496 id
1234 443 1401 498 communis
1422 442 1688 500 administrationis
1706 446 1834 514 tempus,

125 535 156 593 iu
172 534 282 609 synodo
297 533 479 602 assistentem,
494 533 614 606 petituri
628 532 664 589 ab
678 550 711 589 eo
721 531 852 588 decimas
866 528 954 585 cocle
1008 527 1178 585 alterutrius
1193 531 1308 587 abbatis
1320 532 1436 587 nomine
1450 531 1652 588 instrumenta
1667 530 1787 605 publica
1797 531 1839 587 iu·

126 621 238 681 siarum
254 621 347 677 sancti
362 622 483 677 Andros
494 620 523 677 in
539 622 685 690 Evranda,
697 626 725 677 et
737 620 829 677 sancti
845 617 952 674 Boniti.
1009 616 1117 690 signita
1130 623 1222 687 erant,
1240 620 1338 692 qualia
1361 620 1393 675 in
1409 619 1502 693 elogio
1526 619 1666 694 dymardi
1683 621 1838 677 observare

126 712 191 769 1166
206 709 321 784 aliaque
335 710 413 766 iacta
423 708 556 784 apprime
569 710 774 766 demonstrant
785 707 955 765 Cluniacen·
1007 704 1084 761 lieet.
1097 706 1148 762 His
1163 709 1238 763 addo
1258 709 1287 763 in
1304 726 1432 781 presens
1457 708 1589 764 chartam
1613 709 1773 782 Girberga,
1788 725 1838 765 ee-

126 817 188 858 sem
204 799 405 873 prepositum,
423 799 519 864 qualis
540 803 601 855 erat
623 799 850 865 Hildebrannus,
867 800 954 869 atque
1009 794 1127 851 clesiam
1143 797 1237 853 sancti
1254 797 1385 854 Maurieii
1403 798 1588 854 incomitata
1604 798 1791 854 Cabiloncnsi
1807 797 1838 853 in

127 888 351 963 apocrisiarium
362 904 463 944 euram
474 887 601 961 gessisse
613 890 649 944 de
661 886 873 960 temporalibus
884 902 954 940 666-
1008 883 1077 939 villa
1091 886 1212 959 Breugis
1228 892 1256 942 et
1270 886 1338 943 villu
1360 887 1460 943 Canna
1483 889 1679 957 concutientis,
1692 888 1772 942 sicut
1786 890 1839 942 hr-

127 979 181 1033 sis.
193 977 303 1032 Deinde
318 976 471 1032 collatione
483 977 560 1032 lacta
571 977 677 1048 prioris
690 976 775 1032 istius
786 974 863 1035 16611,
878 973 953 1045 spritui
1010 974 1120 1027 dradus
1136 974 1291 1046 opiscopus
1305 976 1410 1043 tenuit,
1422 995 1498 1031 6666
1511 977 1594 1031 terlio
1607 976 1737 1031 Lotharii
1751 976 1839 1047 regis,

130 1085 207 1124 anno
224 1069 253 1122 11
272 1064 410 1122 Ludovici
422 1066 499 1137 regis
515 1084 532 1120 a
547 1065 652 1121 Maiolo
665 1067 728 1137 jam
745 1063 888 1120 monacho
903 1080 955 1136 ge·
1009 1062 1091 1117 naso
1106 1063 1194 1117 etiam
1211 1063 1344 1119 chartam
1360 1064 1513 1120 66666661
1532 1065 1762 1135 er1jusdam,qui
1780 1063 1841 1118 alo·

130 1160 210 1213 stum
221 1159 346 1224 est,cum
360 1153 418 1208 alio
430 1153 583 1226 superiori,
592 1153 638 1209 cui
652 1153 728 1208 idem
742 1156 803 1209 tum
816 1150 956 1208 66666116-
1010 1151 1081 1207 dum
1097 1168 1198 1220 suum,
1212 1173 1223 1203 ι
1237 1151 1283 1207 cui
1294 1157 1406 1208 vetusto
1417 1154 1557 1208 vocabulo
1574 1153 1676 1209 Latina
1687 1151 1841 1208 rusticitas

130 1261 221 1302 conus
231 1260 308 1300 anno
319 1247 400 1298 sento
411 1241 506 1315 ipsius
519 1242 656 1298 Ludovici
668 1240 853 1314 subscripsit,
866 1239 956 1296 mani·
1011 1239 1153 1295 Petrassxa
1169 1257 1273 1296 nomen
1289 1240 1406 1310 indidit,
1418 1241 1507 1297 situm
1532 1241 1561 1296 in
1581 1241 1725 1298 suburbio
1742 1241 1840 1296 Briva·

131 1335 203 1392 lesia
213 1331 380 1406 colligimus
392 1329 531 1388 Maiolum
541 1329 646 1387 seculo
658 1330 795 1386 nuntium
807 1329 957 1387 remisisse
1011 1328 1097 1398 tensi,
1108 1329 1271 1402 Heymardo
1288 1329 1395 1398 abbati,
1405 1353 1418 1379 n
1436 1347 1469 1387 ae
1490 1329 1641 1386 monachis
1656 1329 1841 1387 Celsiniaaaa

131 1439 207 1481 anne
220 1419 399 1495 septimovel
410 1425 510 1479 octavo
525 1420 606 1495 regni
622 1419 770 1491 Ludovici,
784 1421 813 1476 id
826 1425 870 1476 est
881 1435 957 1476 anne
1010 1416 1217 1490 incolentibus,
1245 1423 1387 1492 perpetuo
1415 1419 1481 1492 jure
1508 1419 1587 1475 dedit
1603 1440 1616 1470 «
1632 1436 1685 1492 pro
1712 1416 1841 1475 remedie

130 1512 184 1568 913
197 1509 241 1568 vel
256 1511 437 1582 insequente.
1012 1507 1115 1562 anima
1127 1525 1185 1564 sue
1197 1511 1224 1564 et
1235 1508 1360 1565 senioris
1369 1509 1415 1564 sui
1429 1508 1580 1565 Bertrandi
1591 1525 1624 1565 ac
1635 1508 1778 1582 Stephani
1789 1505 1840 1563 illii

140 1618 196 1674 tv.
213 1616 339 1691 Ejusdem
352 1617 445 1674 electio
461 1617 490 1672 in
505 1600 627 1672 6666166
643 1616 857 1672 Cluiiiecensem.
872 1621 940 1671 Acte
1012 1596 1222 1666 9996190199]
1239 1600 1284 1653 esi
1299 1596 1354 1652 ¹¹⁰⁰
1370 1596 1447 1668 apud
1459 1595 1639 1652 GelSinlflflas
1651 1618 1664 1645 a
1679 1593 1841 1651 91995018·

405 1687 524 1762 catejas
539 1690 683 1760 recitatae.
842 1687 853 1715 '
1012 1684 1126 1752 nuarie,
1138 1701 1214 1740 anno
1227 1689 1330 1757 quarte
1345 1688 1485 1756 regnante
1496 1679 1634 1740 Lothario
1650 1699 1729 1756 rege,
1742 1683 1779 1739 ab
1793 1683 1841 1740 la·

170 1780 213 1835 19.
230 1779 329 1850 Neque
351 1777 379 1832 id
401 1777 523 1833 obscure
547 1776 658 1832 indicat
681 1779 879 1848 tempusque
903 1778 957 1848 hy·
973 1809 997 1875 B
1013 1773 1181 1830 carnatione
1197 1775 1312 1831 Domini
1332 1774 1640 1830 958.611666666666
1665 1789 1768 1829 meuse
1792 1773 1843 1830 De·

136 1869 256 1925 mardos
268 1882 334 1922 eum
346 1866 401 1921 sihi
413 1882 612 1921 successorem
624 1864 732 1938 allegit.
745 1864 869 1920 blaiolus
881 1864 959 1919 onim
1014 1864 1123 1920 cambri
1137 1889 1147 1915 ι
1161 1863 1285 1920 Maiolus
1302 1864 1393 1920 abbas
1407 1886 1420 1914 »
1435 1863 1578 1936 quasdam
1594 1867 1687 1919 terras
1713 1863 1744 1918 in
1768 1875 1840 1936 paga

132 1959 196 2031 jam
206 1956 273 2012 inde
284 1956 319 2012 ab
332 1971 407 2010 anuo
419 1955 452 2009 13
464 1953 601 2011 Ludovici
614 1952 704 2008 abbas
715 1952 811 2008 dictus
821 1956 916 2021 est,ut
926 1969 960 2008 ex
1014 1953 1232 2023 Matisconensi,
1245 1955 1273 2008 in
1285 1953 1352 2009 villa
1363 1953 1519 2010 Maioriano
1530 1952 1654 2025 aliisque
1666 1952 1766 2008 emit«
1777 1965 1840 2024 pre·

136 2044 313 2119 quibusdam
326 2041 531 2098 instrumentis
541 2039 571 2095 in
584 2038 677 2113 elogio
687 2039 824 2112 Aymacdi
835 2039 960 2095 ostendi·
1013 2043 1115 2099 tietdo
1128 2043 1316 2100 solidorum..
1331 2043 1452 2098 Biennio
1463 2047 1529 2115 post
1538 2041 1704 2097 Adnlrndns
1716 2058 1763 2096 res
1773 2055 1840 2096 suas

136 2133 308 2205 mnsdtqui
323 2153 336 2182 a
348 2135 427 2187 sexto
438 2125 514 2186 aeno
525 2130 568 2203 (ut
579 2129 679 2199 fertur)
690 2126 887 2185 conversionis
900 2145 958 2184 sue
1014 2133 1042 2187 in
1059 2131 1127 2189 villa
1144 2155 1157 2184 «
1174 2134 1209 2189 de
1234 2132 1388 2200 Persczeel,
1402 2154 1416 2182 »
1427 2131 1535 2188 vicaria
1558 2129 1728 2199 Yeionensi‚
1754 2128 1841 2186 tradit

136 2241 153 2281 a
168 2219 451 2293 saen10‚›Aymurdi
466 2218 607 2276 vicarium
624 2235 656 2273 ae
672 2233 871 2274 successorem
887 2215 960 2272 desi·
1015 2243 1029 2271 u
1045 2222 1222 2291 sanctuario,
1239 2222 1317 2294 quod
1340 2221 1449 2277 dicitur
1470 2218 1662 2288 Celsinanias,
1682 2219 1839 2276 instituens

136 2315 258 2386 gnatum
274 2308 365 2366 luisse
379 2307 462 2364 Odilo
485 2307 583 2362 tradit.
601 2307 702 2378 ltaque
718 2306 741 2362 si
758 2307 794 2360 ab
810 2322 886 2362 anno
902 2305 958 2361 Lu·
1013 2307 1142 2366 heredes
1159 2309 1329 2376 monachos,
1346 2308 1454 2365 ibidem
1470 2308 1529 2364 Deo
1549 2311 1634 2363 noete
1658 2323 1693 2362 ac
1719 2306 1767 2362 dia
1781 2321 1838 2363 ser·

136 2400 229 2457 devici
245 2399 330 2456 tertio
346 2397 459 2453 decimo
470 2395 606 2451 detrahas
621 2412 714 2451 annos
726 2411 785 2463 sex,
798 2394 959 2450 remanebit
1013 2393 1837 2470 vientesquihusmoderaturreverenspaternitasdomoi

135 2506 231 2547 annus
241 2487 394 2561 septimae,
407 2502 494 2558 quem
508 2482 606 2540 Maioli
617 2484 803 2540 conversione
814 2481 958 2539 illustrem
1013 2486 1111 2543 Maioli
1127 2489 1265 2561 precipui
1281 2487 1384 2560 patris.
1402 2487 1475 2543 Data
1498 2487 1528 2540 in
1551 2501 1652 2540 mense
1671 2482 1837 2550 Februario,

135 2578 226 2636 luisse
241 2576 363 2651 preinde
379 2574 547 2630 existimare
561 2572 639 2629 licet.
655 2574 691 2628 llt
706 2590 763 2644 quo
779 2571 877 2628 minus
893 2571 959 2644 ejus
1013 2577 1045 2632 11
1063 2577 1109 2633 die
1125 2577 1218 2651 ipsius
1234 2575 1344 2633 mensis
1360 2592 1436 2632 anno
1457 2574 1614 2632 Dominice
1629 2570 1839 2629 incarnationis

133 2666 305 2724 electionem
317 2664 373 2721 sub
383 2663 528 2720 Ludovico
544 2661 753 2717 'transmarino
769 2678 956 2734 reponamus,
1012 2665 1074 2735 960,
1092 2683 1169 2721 6666
1184 2669 1283 2721 autem
1299 2665 1414 2736 imperii
1426 2662 1554 2721 Lotharii
1567 2661 1644 2735 regis
1655 2660 1839 2734 Francigana

133 2757 206 2825 illud
222 2756 338 2811 obstare
353 2753 476 2817 videtur,
494 2751 571 2823 qued
593 2767 669 2806 anno
684 2750 812 2807 secundo
829 2750 957 2806 Lotharii
1010 2770 1041 2811 re
1055 2754 1208 2828 (tenendum
1226 2757 1266 2821 vr)
1288 2753 1421 2809 secunda
1446 2751 1632 2825 olympiadis.
1650 2773 1664 2800 »
1681 2752 1767 2805 Anno
1790 2766 1838 2805 gn.

134 2847 224 2919 regis,
236 2842 373 2902 Ludovici
390 2840 441 2896 lilii
460 2857 492 2896 ae
508 2838 696 2908 successoris,
708 2856 766 2911 quo
778 2856 854 2895 anno
871 2839 959 2895 blais·
1012 2845 1123 2918 periore
1138 2843 1292 2901 Lotharins
1312 2861 1371 2911 rex,
1386 2841 1552 2915 postulante
1567 2841 1716 2912 Gerberga
1739 2837 1837 2912 regina

100 2945 103 2950 ’
135 2933 182 2990 lus
197 2950 264 2989 cum
280 2930 476 2988 hildebrando
496 2928 532 2984 {ld
558 2928 717 2983 Mssimbodi
743 2929 888 3002 synodum
905 2945 957 3001 pro
1013 2939 1106 2991 matre
1131 2952 1194 3003 sua,
1211 2933 1423 2990 monasterium
1440 2931 1533 2986 sancti
1555 2927 1681 2985 Amandi
1698 2927 1729 2982 in
1744 2926 1834 2982 eomi-

135 3021 258 3077 decimis
269 3018 406 3076 Evrende
420 3023 449 3072 ot
464 3017 557 3072 saneti
568 3015 662 3071 Boniti
674 3015 784 3073 missus
797 3021 851 3084 cst,
864 3017 957 3088 ipsius
1011 3025 1074 3078 tatu
1097 3021 1258 3078 Trahcsino
1274 3021 1453 3093 (Nautuouse
1471 3021 1587 3086 vocant)
1602 3015 1683 3088 quod
1696 3038 1710 3065 «ι
1726 3014 1835 3086 absque

135 3124 241 3165 nomen
264 3107 293 3161 in
318 3106 420 3162 charta
443 3104 624 3160 hildebrando
649 3104 956 3178 postpositum-neque
1012 3109 1174 3165 rectoribus
1197 3106 1285 3163 veluti
1309 3107 1339 3163 in
1364 3104 1605 3162 inhabitabilibus
1625 3102 1699 3158 locis
1714 3123 1729 3154 6
1746 3103 1834 3157 situm

134 3197 227 3266 abtas,
251 3196 301 3252 sed
331 3199 446 3249 tantum
474 3192 622 3248 inonachus
651 3192 822 3264 appellatur.
847 3175 992 3251 verumG
1012 3200 1082 3265 erat,
1100 3196 1236 3252 cluniaco
1252 3195 1383 3267 subjicit,
1396 3216 1409 3243 κ
1425 3197 1456 3248 ut
1472 3192 1501 3247 in
1517 3195 1661 3264 quantum
1679 3191 1758 3246 Deus
1772 3201 1837 3262 supt

135 3290 239 3361 praeter
252 3301 287 3342 ea
302 3301 366 3356 qua
380 3282 416 3338 ad
432 3281 513 3354 prius
528 3281 601 3337 illud
619 3281 802 3354 probandum
818 3283 847 3338 in
863 3282 957 3358 elegio
1012 3283 1360 3359 poditaveritcensilium,
1370 3281 1439 3337 illud
1451 3285 1640 3338 construatur
1650 3278 1681 3350 iun
1693 3277 1835 3334 habitabi·

133 3372 271 3447 Aymardi
287 3371 416 3428 adducta
430 3374 510 3437 sunt,
522 3368 649 3425 occurrit
664 3373 692 3425 et
708 3368 788 3425 aliud
804 3387 957 3443 argumen-

133 3468 199 3520 tum
213 3477 248 3518 ax
263 3458 368 3516 litteris
378 3457 544 3515 donationis
559 3457 711 3530 Maytrami
727 3459 892 3531 eujusdam,
905 3462 955 3533 qui

134 3572 149 3603 «
164 3551 201 3607 ad
216 3550 313 3606 locum
333 3546 514 3604 Celsinianas
530 3552 558 3602 et
573 3547 680 3602 domno
697 3547 801 3603 Maiolo
825 3548 922 3606 abbati
939 3572 953 3601 »

132 3638 211 3697 dedit
218 3637 315 3694 villam
325 3637 360 3693 de
369 3635 495 3693 Becedas
506 3657 519 3685 6
529 3651 629 3692 mense
642 3635 955 3712 Februario,reguante

133 3728 277 3786 Ludovieo
293 3743 360 3801 rege
380 3726 586 3782 Francorum.»
601 3724 681 3782 Unda
702 3742 885 3798 consequeus
899 3732 953 3796 est,

132 3817 271 3875 Maiolum
287 3820 426 3890 regnante
438 3812 580 3871 Ludovico
590 3814 654 3885 jam
665 3814 800 3870 abbatem
814 3816 953 3874 audiisse.

130 3910 167 3966 At
178 3906 317 3981 quoniam
333 3905 496 3978 aymardus
512 3920 569 3961 non
585 3904 626 3960 itu
641 3902 770 3977 regimen
786 3905 814 3961 in
831 3922 897 3964 eum
914 3924 956 3964 re·

127 3996 250 4068 jecerat,
261 3996 294 4050 ut
304 3993 408 4068 primis
422 3991 507 4049 annis
517 3991 590 4048 nihil
601 3993 720 4052 omnino
735 3995 868 4066 gesserit,
882 3995 953 4054 utin

130 4083 224 4158 elogio
245 4083 382 4158 aymardi
407 4100 424 4138 a
448 4080 532 4138 uobis
555 4082 667 4138 dietum
691 4087 745 4154 ost,
771 4084 903 4160 contigit,
921 4092 953 4142 ut

1011 3375 1089 3431 libus
1114 3373 1195 3430 locis.
1219 3375 1324 3430 Datum
1350 3391 1378 3428 rx
1402 3370 1464 3427 Kal.
1482 3368 1617 3427 Decemh.
1634 3384 1714 3424 anno
1737 3369 1756 3423 5
1780 3367 1833 3423 La-

1011 3465 1097 3520 thurii
1127 3464 1214 3537 regis,
1246 3463 1348 3517 indict.
1374 3463 1399 3528 3,
1426 3460 1455 3515 16
1484 3457 1651 3532 Divionensi
1683 3455 1832 3530 palatio.»

1011 3555 1066 3610 Sed
1091 3554 1145 3609 hoc
1169 3553 1232 3609 loco
1248 3552 1277 3607 in
1294 3551 1467 3606 memorium
1493 3535 1654 3604 revocanda
1678 3552 1725 3603 est
1748 3560 1834 3618 supe·

1011 3642 1071 3699 riue
1087 3643 1165 3699 edita
1179 3640 1329 3714 prestaria
1345 3638 1442 3696 blaioli
1458 3637 1575 3694 abbatis
1590 3637 1619 3691 in
1637 3635 1766 3709 gratiam
1780 3636 1831 3690 Ar·

1010 3731 1081 3788 nulli
1103 3731 1220 3788 htensis
1245 3729 1372 3801 episcopi
1396 3729 1431 3783 de
1455 3725 1633 3799 quibusdam
1658 3725 1749 3781 rebus
1773 3722 1829 3779 suis

1010 3819 1201 3877 hereditariis
1218 3819 1247 3874 in
1264 3817 1414 3874 Provincia
1429 3816 1507 3882 sitis,
1523 3816 1599 3871 lacta
1615 3815 1744 3870 666623
1758 3812 1828 3869 Gan·

1009 3910 1072 3965 radi
1089 3909 1175 3983 regis,
1192 3908 1242 3981 qui
1257 3924 1352 3964 annus
1369 3904 1477 3963 Christi
1501 3919 1576 3960 anne
1590 3901 1645 3958 966
1664 3901 1827 3974 respondet.

1006 3998 1079 4067 Dein
1105 4014 1181 4054 anno
1205 3997 1259 4053 962
1286 3995 1437 4053 hibericas
1462 4008 1570 4062 comes,
1587 3989 1719 4048 Leotaldi
1743 3989 1826 4058 illius,

1009 4085 1113 4144 Maiolo
1135 4085 1233 4143 abbati
1248 4091 1277 4142 et
1292 4082 1444 4143 monachis
1472 4082 1536 4155 ejus
1565 4078 1661 4136 multa
1686 4078 1828 4136 donatis

131 4170 266 4240 Maielus,
278 4170 328 4244 qui
339 4170 436 4242 petius
445 4170 596 4242 coadjutor
605 4170 789 4239 censebatur,
796 4171 953 4245 aliquando
1008 4191 1081 4249 pago
1097 4175 1302 4232 Matisconensi
1323 4196 1337 4225 «
1351 4189 1427 4230 suno
1441 4174 1458 4228 8
1474 4169 1602 4227 Lotharii
1625 4169 1714 4243 ragis.
1726 4191 1741 4220 »
1759 4167 1828 4225 Prae·

130 4261 212 4319 66666
228 4279 245 4318 6
263 4258 454 4318 secularibus
477 4259 507 4314 in
532 4259 656 4333 publicis
672 4260 887 4334 instrumentis,
900 4262 952 4320 ali·
1007 4264 1289 4322 tereaannodeeimo
1298 4263 1430 4336 eJusdem
1440 4260 1616 4317 amblardus
1626 4257 1828 4332 Lugdunensis

130 4348 952 4426 6666666666666666666166666661666666
1007 4351 1136 4425 pontifex
1157 4350 1291 4424 ipsismet
1317 4349 1421 4406 Maiolo
1446 4355 1475 4405 et
1499 4347 1638 4403 iratribus
1663 4348 1716 4402 dat
1739 4344 1828 4403 eccle·

128 4457 191 4517 quaa
208 4443 327 4498 curante
342 4439 487 4513 eymardo
507 4437 635 4512 gerebat.
651 4438 681 4493 ld
703 4439 824 4497 innuere
839 4440 952 4498 videtur
971 4507 973 4511 Ι
1007 4441 1081 4496 siam
1098 4445 1206 4496 sanctu
1222 4439 1318 4495 biacia
1334 4439 1369 4495 de
1384 4435 1591 4495 Cantumerula
1608 4459 1622 4487 «
1639 4436 1669 4491 in
1686 4451 1762 4509 pago
1778 4438 1828 4491 Ar-

127 4529 290 4586 Chrenicon
306 4525 564 4594 Mellcscense,ubi
582 4524 706 4582 Maiolus
717 4527 834 4598 dicitur,
850 4552 862 4578 6
875 4547 951 4586 6666
962 4514 989 4608 'ss
1005 4531 1120 4587 vernico
1132 4553 1145 4580 e
1163 4534 1192 4584 et
1206 4529 1234 4582 iu
1244 4527 1356 4584 'vicaria
1378 4525 1570 4595 briodorensi,
1585 4531 1614 4581 et
1631 4525 1748 4580 vineam
1764 4540 1829 4580 eum

126 4618 189 4686 961,
206 4622 286 4674 sexto
302 4633 378 4672 anno
391 4614 583 4671 ordinationis
599 4633 657 4671 sum
669 4616 833 4688 suscepisse
848 4636 949 4675 euram
1005 4619 1078 4677 silva
1091 4620 1167 4692 apud
1178 4618 1350 4686 Vctreriam,
1360 4640 1374 4667 «
1385 4620 1413 4673 et
1432 4618 1460 4671 in
1480 4632 1553 4688 pago
1564 4615 1827 4670 ctaromontense·

127 4704 327 4762 cluniacensis
341 4705 496 4772 cenobite
510 4704 539 4758 id
555 4708 599 4760 est
615 4705 760 4777 integrum
778 4706 947 4779 regimenio
1003 4709 1102 4766 villum
1115 4708 1285 4764 busiacum.
1298 4707 1368 4779 Ejus
1384 4704 1491 4761 litteris
1504 4704 1698 4761 subscribunt
1712 4700 1829 4775 Stephrae

125 4811 157 4851 se
171 4794 336 4867 suscepisse
350 4809 428 4848 anno
444 4798 524 4848 sexto
535 4810 552 4847 a
563 4810 616 4847 sua
626 4792 776 4859 electione,
787 4798 903 4851 tametsi
916 4813 948 4852 ex

125 4883 385 4945 dictisdicendum
401 4885 478 4938 esset
496 4899 573 4937 auno
595 4882 948 4955 12.bjusp0rr01itteras

124 4971 274 5031 electionis
288 4972 318 5028 io
334 4970 427 5044 ipsius
442 4969 578 5041 bymardi
594 4969 687 5041 elogio
704 4969 869 5042 retulimus,
880 4991 949 5046 qua-

124 5077 191 5118 rum
206 5061 404 5135 fragmentum
423 5059 511 5115 etium
535 5058 625 5131 Syrus
652 5058 753 5127 relert;
781 5061 947 5136 ibidemque

122 5165 157 5207 cx
166 5154 254 5206 Hetro
265 5149 399 5207 Damiani
416 5147 526 5204 lactum
539 5146 653 5221 insigne
665 5147 832 5218 retulimus,
844 5153 872 5207 in
889 5170 946 5225 quo

120 5237 218 5297 Maioli
233 5238 382 5296 modestia
398 5235 547 5310 egregium
563 5235 710 5308 specimen
728 5243 856 5310 apparet.
873 5242 945 5298 Nam

118 5328 155 5386 ab
165 5327 311 5400 eymardo
322 5325 465 5399 privatam
477 5324 575 5380 sedem
590 5328 719 5396 repetere
726 5325 841 5397 jussus,
849 5345 946 5387 assen-

120 5415 227 5473 sitnon
238 5421 366 5488 gravate,
378 5414 514 5485 idemque
530 5411 644 5468 abbatis
657 5414 827 5471 cathedram
838 5420 944 5488 (incre-

118 5504 182 5577 pito
198 5520 249 5576 per
262 5503 441 5577 dymardum
457 5500 680 5572 cellario,quiin
699 5503 797 5575 ipsum
811 5508 944 5579 petulan-

117 5595 164 5675 ter
179 5590 295 5648 locutus
311 5592 413 5668 iuerat)
423 5591 525 5647 eadem
541 5588 678 5648 facilitate
693 5596 818 5666 repetiit.

1004 4817 1060 4854 nus
1070 4797 1224 4870 episcopus
1236 4797 1429 4850 Arvernorum
1441 4798 1468 4849 et
1481 4793 1637 4849 lietbertus
1650 4793 1744 4847 abbas
1754 4805 1828 4846 anna

1005 4888 1035 4943 11
1051 4884 1312 4942 Lothariilleicias
1322 4884 1437 4939 bicipitis
1444 4883 1527 4939 cilios
1534 4889 1559 4938 et
1568 4881 1741 4953 heymardus
1748 4881 1828 4937 abhas

1003 4975 1194 5033 subscribunt
1202 4973 1319 5028 cuidam
1331 4970 1617 5046 prestaria,duobus
1629 4969 1725 5027 levitis
1735 4970 1826 5033 laete,

1002 5067 1037 5123 de
1053 5066 1141 5122 rebus
1152 5063 1217 5120 sitis
1228 5062 1257 5119 in
1269 5080 1343 5136 pago
1354 5060 1550 5119 Cabilonensi.
1561 5059 1603 5114 nb
1615 5074 1648 5115 66
1659 5075 1738 5114 6666
1750 5057 1829 5113 nulla

1002 5155 1127 5213 ulterius
1141 5150 1249 5208 mentio
1264 5156 1308 5206 est
1322 5151 1458 5223 hymardi
1475 5149 1600 5214 abbatis,
1612 5147 1664 5204 sed
1676 5147 1779 5202 omnia
1788 5145 1828 5201 iu·

1002 5245 1165 5301 strumenta
1176 5238 1271 5297 solum
1282 5237 1420 5295 blaiolum
1430 5238 1565 5294 abbatem
1578 5236 1828 5308 preferuntoua-

1001 5331 1068 5388 dam
1085 5344 1315 5386 commemorare
1330 5344 1423 5399 opere
1440 5326 1566 5400 pretium
1583 5329 1665 5398 puto.

1034 5423 1079 5476 21.
1093 5420 1123 5474 ln
1136 5416 1321 5474 Cluniacensi
1341 5415 1459 5472 archivo
1478 5413 1669 5471 inveniuntur
1683 5411 1771 5486 plura
1784 5409 1825 5466 di·

1000 5511 1130 5585 plemata
1140 5507 1279 5563 Ottonum
1291 5504 1513 5577 imperatorum.
1522 5504 1618 5561 Unum
1630 5506 1676 5558 cst
1684 5500 1824 5575 placitum

999 5604 1125 5659 datum«
1144 5598 1174 5653 iu
1190 5593 1304 5651 civitate
1318 5593 1417 5667 Papia,
1428 5596 1458 5650 in
1474 5593 1622 5652 caminata
1635 5591 1705 5649 sale
1720 5592 1824 5651 demus
