3908 6082
150 278 209 336 τη
776 273 952 337 scenica
975 273 1226 341 msroarcnn.
1794 289 1853 352 aa
1920 259 1926 272 ’

151 424 232 464 mero
248 407 439 464 ascribendus
454 413 498 464 est
516 411 670 477 Antonius,
688 426 754 464 cum
771 408 800 463 id
823 409 913 480 Syrus
927 407 973 463 cli·
988 408 1015 474 Α
1032 407 1155 465 tionsom
1171 413 1337 482 Gorlrcdus,
1349 417 1435 487 cujus
1446 417 1629 476 decessorem
1645 419 1762 490 penitus
1776 438 1854 493 pers·

149 501 433 553 sertacontostetur.
935 550 942 560 ,
1029 501 1339 568 pectumnonhabco.

187 587 267 642 15AE
293 586 400 641 Studiis
424 602 557 643 reversus
584 584 718 654 Maiolus,
737 608 751 637 “
776 603 827 658 1³0r
853 588 973 641 ⁰⁰⁰⁰l⁰⁸
1030 602 1078 658 111.
1094 604 1189 662 ilcioli
1202 612 1340 666 conversio
1354 610 1390 666 ad
1405 613 1489 667 viam
1503 615 1691 670 monasticam.
1701 614 1852 674 abbatialis

147 677 259 749 gradus
281 676 481 731 conscendens
498 674 720 742 ecclesiasticos,
735 692 803 730 cum
819 674 972 730 levitarum
1387 682 1489 738 electio.

148 765 291 837 potiretur
305 764 411 832 allicio,
421 765 457 820 ad
468 764 600 834 ejusdem
612 781 705 836 usqne
718 781 826 831 arcem,
839 763 973 818 doctrina
1063 767 1272 838 leuprando
1284 769 1387 824 abbate
1399 770 1524 826 blaiolus
1535 770 1706 828 Cluniacum
1718 774 1851 847 frequen·

146 853 176 907 id
192 853 333 924 exigente,
350 854 386 907 ab
402 854 503 909 codem
519 858 563 909 est
578 853 754 908 sublimatas
771 853 971 924 suprascripto
1024 856 1069 906 ter
1084 857 1248 924 accedebat,
1265 882 1274 906 c
1289 862 1317 912 et
1332 875 1399 913 cum
1416 859 1555 915 tratribus
1570 862 1707 933 frequens
1722 862 1849 921 habebnt

146 942 320 1015 pontifice»
338 943 366 997 id
390 948 435 996 est
459 944 496 997 ad
520 941 756 997 archidiaconatus
779 943 910 1012 officiam,
928 941 969 995 uti
1025 942 1202 1014 colloquium
1226 951 1255 1000 et
1275 947 1406 1018 spiritale
1429 949 1689 1018 contubernium·
1708 953 1848 1008 referente

145 1031 209 1104 Syri
221 1032 308 1086 verba
322 1032 447 1102 explicat
461 1031 554 1086 Odilo.
567 1033 606 1085 lla
622 1031 650 1085 in
667 1031 807 1102 dignitate
823 1047 917 1085 mores
932 1031 968 1085 ad

144 1118 972 1191 doetrinaelormameonipanens‚Christianisvirtutibus,

144 1209 271 1264 maxime
286 1207 315 1263 in
332 1225 493 1279 pauperum
505 1207 645 1263 charitate
655 1206 791 1262 excelluit
803 1224 809 1260 :
822 1208 898 1279 quod
912 1208 966 1279 ipsi

142 1297 277 1352 omnium
288 1297 536 1352 existimationem
551 1296 850 1367 compararit.Verum
864 1296 890 1351 is
904 1295 967 1351 lau·

142 1387 195 1441 des
210 1384 326 1457 fugiens
337 1401 370 1441 ac
380 1384 550 1457 popularem
565 1385 736 1452 tumultum,
748 1384 907 1441 identidem
919 1401 966 1441 sc-

141 1474 263 1531 ccdebat
275 1497 288 1525 n
299 1473 329 1528 in
345 1473 631 1547 oratoriolum,quod
651 1473 714 1546 ipss
731 1473 963 1542 reaedificaverat,

136 1564 232 1620 sancti
245 1562 406 1630 Michaelis,
415 1567 498 1618 trans
508 1564 650 1632 Arucimp»
658 1563 708 1619 ubi
717 1572 732 1613 α’
741 1563 771 1619 in
782 1563 965 1619 orationibus

1024 1029 1154 1098 Odilonc,
1169 1033 1276 1104 quibus
1292 1034 1320 1088 in
1336 1037 1410 1091 votis
1426 1040 1488 1091 crat
1500 1059 1514 1086 «
1525 1043 1557 1092 ut
1571 1055 1638 1093 eum
1655 1045 1775 1110 possent
1790 1041 1847 1097 sibi

1024 1120 1174 1191 anquirere
1195 1122 1324 1191 tratrem,
1341 1142 1428 1196 quem
1454 1127 1641 1197 postmodum
1666 1132 1848 1185 mererentur

1023 1206 1130 1263 habere
1145 1214 1174 1263 et
1189 1215 1311 1282 patrem.
1325 1217 1356 1266 In
1374 1213 1463 1284 hujus
1478 1231 1543 1269 vcro
1558 1214 1757 1272 conversionis
1767 1218 1847 1274 obsc²

1022 1295 1090 1368 quio
1116 1298 1244 1353 multum
1264 1300 1355 1357 valuit
1376 1302 1549 1358 venerabilis
1574 1303 1627 1358 viri
1656 1303 1846 1363 Hildebranni

1021 1383 1861 1464 dulciscollocutioetspiritalissuggestiolliccumessctx

1020 1489 1054 1528 cx
1069 1474 1217 1553 prioribus
1236 1476 1478 1534 cluniacensibus
1493 1484 1522 1535 at
1536 1481 1689 1537 monachis
1712 1482 1845 1554 ejusdem

1021 1564 1190 1620 monasterii
1206 1567 1392 1638 prepositus,
1404 1567 1449 1625 bis
1460 1568 1599 1625 invitatus
1609 1573 1653 1625 est
1668 1575 1701 1626 ut
1714 1571 1844 1628 olllcium

137 1650 962 1725 pervigil,divinofamulaminimancipareturattentius.»
1019 1653 1142 1725 abbatim
1167 1655 1339 1727 susciperet,
1357 1657 1407 1712 sed
1429 1657 1537 1726 noluit;
1555 1659 1624 1731 quia
1638 1675 1756 1732 semper
1778 1659 1844 1732 plus

128 1742 208 1798 inde
219 1741 248 1798 in
260 1741 384 1799 aliorum
396 1743 559 1814 proiectum
572 1758 602 1797 sc
615 1743 783 1810 extendens,
796 1759 829 1797 cx
840 1743 962 1798 diversis
976 1777 1001 1842 B
1018 1741 1135 1797 obedire
1151 1760 1239 1815 quam
1265 1745 1430 1816 praecipere,
1447 1751 1476 1802 ct
1491 1747 1586 1820 magis
1608 1748 1729 1804 subesse
1753 1765 1842 1821 quam

133 1832 170 1888 ad
179 1849 211 1887 se
220 1831 352 1902 partibus
361 1830 784 1903 clericosconveniente-spretis
794 1832 960 1904 libenterque
1015 1847 1139 1902 praeesse
1163 1832 1292 1887 voluit.»
1306 1833 1386 1888 Hanc
1410 1851 1476 1890 uero
1507 1834 1604 1891 Maioli
1624 1836 1840 1894 conversionem

132 1920 378 1976 erudiebat.'lum
392 1920 519 1976 bominis
535 1922 611 1975 lama
623 1937 858 1991 quaquaversum
870 1921 956 1976 dillu·
1013 1936 1069 1974 non
1086 1919 1186 1974 solum
1204 1921 1233 1975 in
1245 1920 1476 1977 hildebrannum
1494 1922 1630 1995 priorem,
1642 1924 1692 1980 sod
1705 1924 1794 1980 etiam
1810 1925 1839 1980 in

128 2026 193 2075 aa«
201 2008 424 2065 vesontionensi
436 2007 654 2080 archiepiscopo
662 2009 738 2063 viam
748 2009 957 2065 universecar·
1009 2008 1148 2081 aymardi
1167 2034 1177 2058 i
1197 2009 1335 2064 meritum
1351 2010 1499 2082 patientia
1515 2016 1543 2067 ct
1557 2012 1722 2069 innocentis
1737 2013 1813 2080 vite,
1823 2036 1837 2063 a

129 2098 177 2154 nis
188 2099 398 2170 ingrassatum
410 2099 594 2170 ipsiusterrie
606 2097 854 2170 principis,qnam
864 2099 955 2155 totius
1010 2097 1046 2153 ob
1063 2113 1151 2169 quam
1167 2120 1180 2148 a
1197 2100 1277 2153 tanto
1292 2098 1402 2170 talique
1417 2116 1434 2154 a
1449 2098 1564 2156 Christo
1579 2100 1691 2158 ditatus
1705 2105 1751 2159 est
1769 2119 1833 2159 mu·

128 2186 197 2242 cleri
209 2204 353 2242 consensu
366 2192 395 2242 et
410 2186 520 2260 populi,
534 2187 569 2242 ad
585 2187 650 2258 ejus
664 2186 780 2243 culmen
797 2187 956 2261 suscipinn-
1010 2202 1087 2254 nerc,
1102 2190 1133 2240 ut
1148 2187 1212 2259 ejus
1228 2190 1358 2259 tompore
1369 2187 1404 2241 ad
1416 2205 1546 2243 ninorem
1558 2189 1711 2246 monastici
1722 2190 1834 2248 ordinis

128 2277 201 2332 dum
217 2274 654 2347 pontificatusbcatushlaiolus
667 2275 824 2347 impulsus,
837 2299 850 2327 s
864 2276 954 2332 baud·
1009 2279 1111 2329 auctor
1130 2278 1236 2330 nostra
1261 2275 1365 2330 salutis
1391 2277 1508 2332 boatum
1532 2277 1671 2335 Maiolum
1695 2278 1833 2352 dignatus

128 2381 279 2438 quaquam
295 2364 437 2421 assentire
447 2363 556 2420 voluit:
569 2364 701 2436 quinimo
712 2380 745 2419 eo
756 2363 850 2438 magis
861 2366 896 2421 ad
909 2366 955 2422 de·
1008 2361 1047 2417 sit
1062 2379 1218 2419 accersere.
1231 2384 1245 2414 »

128 2452 298 2508 elinandum
309 2457 384 2525 (qua
401 2451 544 2526 fugientes
565 2452 648 2525 sequi
668 2452 751 2525 solet)
767 2451 890 2526 gloriam
907 2470 953 2508 ar·
1045 2453 1089 2505 17.
1107 2451 1268 2507 Monachus
1279 2453 1384 2522 lactus,
1396 2476 1410 2504 «
1423 2454 1564 2528 singulari
1574 2473 1632 2528 prce
1643 2457 1754 2514 ceteris
1765 2474 1834 2530 prm·

128 2540 244 2598 dentior
259 2543 364 2609 lactus,
376 2542 411 2597 dc
427 2540 533 2597 seculo
549 2541 686 2615 fugiendo
702 2541 803 2597 sedulo
826 2542 954 2615 cogitare
1008 2539 1156 2594 eminebat
1175 2539 1291 2609 virtute,
1304 2563 1319 2591 »
1335 2541 1376 2598 ait
1392 2542 1483 2614 Syrus
1500 2560 1506 2596 :
1522 2561 1648 2617 eumque
1669 2547 1833 2618 aymardus

127 2630 226 2703 empit.
242 2631 346 2700 Sedet
361 2630 528 2687 accuratius
547 2634 675 2703 tempus,
692 2648 749 2703 quo
770 2631 799 2686 id
819 2631 951 2717 contigit,
1009 2649 1023 2677 «
1036 2626 1216 2683 bibliotheca
1228 2630 1644 2703 preficiens,apocrisiariatus
1654 2634 1783 2689 officium
1795 2635 1834 2691 ei·

127 2719 304 2791 investigare
313 2719 410 2786 liceat,
421 2719 556 2792 quadam
572 2719 669 2775 Maioli
680 2724 744 2775 tum
755 2720 952 2775 archidiaconi
1007 2716 1072 2772 dem
1088 2715 1244 2786 injunxit»
1258 2717 1293 2772 de
1308 2722 1412 2774 caetero
1423 2719 1563 2792 aVirgilii
1576 2719 1759 2793 aliorumque
1770 2739 1833 2794 pro·

124 2809 203 2863 sacta
212 2808 259 2863 hio
267 2825 496 2864 commemorare
500 2808 593 2880 juvat.
602 2809 633 2863 ln
645 2808 691 2863 his
702 2807 953 2880 reperiturcharta
1005 2804 1141 2860 fanorum
1156 2810 1309 2861 auctorum
1324 2805 1448 2863 lectione
1459 2808 1621 2878 abstinens,
1632 2807 1764 2882 aliosque
1774 2812 1831 2867 lra-

124 2898 336 2969 quaedam‚qua
348 2919 362 2947 «
372 2897 515 2953 Achertus
536 2897 579 2952 vir
599 2897 741 2968 praecelsas
761 2896 922 2953 nobilitatis
936 2921 950 2948 »
1006 2896 1064 2948 tres
1075 2893 1112 2948 ab
1123 2910 1156 2948 ca
1166 2894 1347 2951 deterrens«
1355 2895 1583 2968 Aprocrisiarius
1591 2898 1693 2970 estqui
1705 2899 1833 2955 custodit

122 3003 141 3042 a
155 2986 341 3058 Maymboldo
357 3002 408 3041 seu
423 2985 580 3041 Mainbodo
593 2986 728 3058 episcopo
742 2985 949 3041 Matisconcnsi
1005 2981 1134 3037 ecclesia·
1150 2981 1331 3051 thesaurum,
1344 2989 1372 3039 et
1388 2984 1417 3039 in
1433 2986 1518 3057 cujus
1533 3002 1622 3041 manu
1634 2989 1678 3042 est
1687 2986 1831 3060 quidquid

122 3075 225 3147 (quem
241 3073 373 3130 nonnulli
398 3074 588 3145 anrtboldum
613 3075 752 3130 mendose
773 3076 888 3147 vocant)
904 3091 949 3130 ec·
1006 3086 1023 3124 a
1037 3069 1227 3142 popularibus
1239 3071 1276 3126 ad
1292 3071 1395 3127 altaria
1406 3072 1552 3129 offertur.»
1565 3073 1720 3130 Udalricus
1730 3080 1832 3132 auctor

120 3163 335 3235 clesiasquoad
347 3163 465 3229 viveret,
477 3163 630 3218 obtinetin
641 3163 732 3218 fundo
746 3181 805 3218 sua
818 3163 948 3235 proprie.
965 3139 987 3207 G
1007 3157 1036 3212 in
1051 3157 1102 3212 lib.
1119 3175 1150 3213 111
1176 3159 1429 3215 consuetudinum
1445 3161 1681 3218 cluniacensium
1705 3180 1769 3237 cap.
1786 3166 1831 3221 ta.

119 3252 205 3319 tatis,
218 3252 266 3323 qui
282 3252 390 3308 dicitur
412 3252 566 3307 Scociasus
581 3253 764 3325 (demeantes),
777 3252 825 3307 ubi
842 3253 949 3325 princi·
1005 3246 1048 3301 Ad
1064 3247 1140 3302 idem
1154 3247 1281 3303 olficium
1299 3249 1477 3321 pertinuisse
1491 3251 1615 3320 videtur,
1628 3256 1661 3308 ut
1676 3253 1701 3308 si
1717 3268 1833 3325 quane-

119 3340 200 3414 palis
215 3340 338 3397 ecclesia
352 3345 397 3396 est
413 3341 441 3395 in
458 3341 566 3396 honore
582 3341 674 3396 sancti
686 3341 817 3409 Andron,
831 3342 951 3414 insuper
1006 3335 1085 3408 gutia
1096 3335 1172 3390 furas
1183 3337 1370 3408 exsequenda
1379 3343 1471 3406 eraut,
1483 3355 1585 3394 eorum
1596 3340 1691 3412 gratia
1701 3340 1831 3398 mittere·

119 3428 237 3501 capella
257 3429 349 3484 sancti
373 3413 552 3498 avennica
576 3428 667 3484 altera
692 3430 784 3484 sancti
809 3430 949 3486 Marcelli.
1007 3424 1832 3503 turapocrisiarius,utapudItomanos.blniolusquippe

120 3517 238 3584 Quibus
252 3517 359 3573 litteris
373 3535 461 3574 manu
475 3517 594 3590 propria
604 3517 794 3574 subscribunt
805 3519 951 3592 blaymbo
1005 3511 1163 3583 aliquando
1174 3515 1285 3568 missus
1296 3519 1341 3569 est
1356 3514 1479 3570 Rumam
1491 3517 1527 3572 ab
1539 3518 1685 3589 Aymardo
1700 3519 1830 3591 negotio·

120 3606 182 3663 dus
191 3607 427 3678 episcopus,rtdo
438 3606 666 3680 abba,(dignitas
677 3606 806 3662 ecclesie
817 3607 951 3663 Matisco
1005 3617 1071 3655 rum
1086 3617 1190 3668 causa;
1207 3617 1299 3674 coque
1315 3602 1344 3656 1¹1
1360 3602 1464 3659 ilissete
1476 3604 1626 3676 Yporodiae
1637 3607 1741 3674 (lec)
1755 3610 1831 3679 (qum

121 3695 235 3769 nensis)
247 3700 275 3751 et
286 3695 417 3767 Mayolus
428 3694 661 3763 archidiaconus,
673 3711 750 3750 anno
761 3696 845 3751 tertio
858 3696 950 3751 Ludo·
1005 3689 1076 3746 urbs
1091 3692 1136 3744 cst
1151 3689 1325 3761 episcopalis
1340 3692 1395 3746 sub
1411 3690 1630 3765 archiepiscopo
1645 3692 1832 3764 Taurinensi)

119 3783 180 3840 vici
190 3783 388 3856 regis,Cbristi
398 3785 461 3839 939.
470 3785 541 3840 Item
550 3784 770 3855 annoejusdcm
783 3785 859 3858 regis
870 3790 950 3841 serto
1005 3776 1173 3835 heldricum
1194 3777 1372 3834 monachum
1384 3783 1572 3852 egrotantem
1588 3781 1664 3836 sacri
1683 3779 1739 3836 olei
1759 3797 1830 3838 unc-

120 3872 202 3934 idem
211 3872 397 3928 Maimbodus
407 3894 421 3925 a
430 3872 520 3928 nobili
532 3872 593 3929 viro
606 3872 738 3927 Achardo
747 3895 760 3922 s
772 3877 878 3929 terram
890 3891 949 3928 sua
1004 3865 1083 3923 tione
1098 3870 1194 3923 sonat.
1209 3868 1314 3923 Fuerat
1329 3866 1354 3922 is
1367 3889 1380 3918 a
1391 3868 1540 3938 quondam
1556 3867 1586 3923 in
1598 3868 1681 3925 Italia
1694 3868 1771 3925 inter
1780 3886 1832 3926 cce·

120 3960 262 4029 ecclesia,
276 3983 291 4011 a
304 3960 392 4017 sitam
409 3961 438 4016 in
456 3977 531 4034 pago
548 3962 681 4029 Forense,
695 3983 709 4012 »
720 3960 797 4016 locat
808 3980 815 4018 :
827 3962 951 4034 ejusque
1005 3958 1082 4011 teres
1093 3954 1237 4027 palatinos
1248 3954 1460 4024 honorabilis;»
1474 3956 1522 4028 qui
1531 3978 1545 4005 «
1555 3955 1712 4013 uxoricum
1724 3974 1832 4032 magua

121 4051 163 4108 rei
179 4051 378 4107 instrumento
389 4051 465 4107 inter
474 4050 547 4106 alios
558 4067 679 4106 manum
691 4067 724 4106 ac
735 4051 853 4123 signum
864 4068 951 4124 appe
1005 4060 1104 4100 rerum
1118 4043 1271 4116 temporali
1289 4044 1373 4116 copia
1387 4044 1610 4115 abrenuntians
1627 4045 1758 4120 deposito
1773 4048 1833 4104 cin·

121 4140 167 4195 nit
182 4139 312 4211 Mayolaa
336 4139 548 4195 urcliidinconus
568 4143 634 4194 ante
649 4140 778 4195 Adonem
802 4141 948 4196 abbatem.
1005 4132 1073 4206 gul⁰
1090 4131 1262 4188 Cluniacum
1287 4149 1318 4188 5⁰
1344 4133 1507 4202 ⁰⁰1¹s01'0118‚
1527 4135 1604 4191 bessii
1629 4135 1776 4193 Benedicti
1800 4153 1831 4194 8⁰

121 4229 270 4301 ltaqucad
283 4229 311 4283 id
321 4245 415 4301 usque
424 4232 540 4300 tompus
549 4228 774 4285 archidiaconus
785 4246 848 4285 csse
856 4246 951 4302 perse
1006 4221 1139 4277 subdidit
1154 4222 1337 4293 proposito.»
1350 4223 1508 4294 etquidem
1524 4222 1621 4280 Muiuli
1632 4225 1711 4281 lama
1721 4225 1832 4298 impul-

120 4318 231 4374 ueravit
249 4317 383 4385 alciatus,
395 4335 499 4389 nempe
519 4318 554 4373 ad
576 4334 687 4373 anirum
713 4317 849 4373 Ludocici
874 4319 951 4392 regis
1006 4327 1067 4378 811⁸,
1086 4315 1119 4365 ul
1139 4310 1227 4365 trudit
1248 4311 1339 4383 Syrus
1359 4311 1389 4365 in
1411 4311 1461 4367 lib.
1473 4330 1504 4367 11.
1516 4315 1559 4368 An
1573 4312 1599 4368 is
1614 4313 1653 4369 sit
1667 4312 1829 4381 Hcldricus,

123 4411 253 4473 sextum,
265 4407 314 4479 qui
336 4406 444 4463 Christi
461 4424 558 4462 onnus
571 4406 625 4460 942
640 4410 711 4472 erat,
730 4406 865 4478 idemque
890 4408 950 4479 pri·
1006 4400 1056 4473 qui
1073 4399 1167 4455 sancti
1178 4400 1313 4457 Germani
1327 4402 1404 4472 apud
1415 4402 1651 4458 autissiodorum
1663 4402 1754 4458 abbas
1764 4403 1830 4471 fuit,

123 4513 192 4552 mus
207 4496 343 4567 Aymardi
369 4496 484 4552 abbatis
506 4495 708 4551 cluniacensis
732 4501 799 4567 post
826 4501 948 4552 mortem
965 4507 991 4574 Β
1006 4489 1129 4545 iuferius
1140 4489 1350 4561 expendemus.
1364 4491 1502 4547 tinctionis
1516 4496 1717 4546 sermunculum
1731 4488 1832 4563 appel·

123 4583 246 4641 Odonis,
1008 4578 1048 4633 lut
1063 4578 1212 4650 Nalgudus
1236 4595 1303 4634 eum
1329 4579 1429 4646 ritum,
1442 4595 1500 4651 quo
1520 4578 1672 4636 heldricus
1691 4596 1709 4635 a
1727 4579 1832 4636 Maiolo

160 4675 205 4729 ib.
217 4695 230 4722 u
243 4674 316 4728 Cum
341 4672 487 4745 ejusmodi
514 4673 646 4728 acoribus
671 4672 791 4744 polleret
817 4674 952 4751 liteinins,
1010 4671 1130 4722 sanatus
1146 4672 1200 4722 est.
1213 4667 1274 4722 lluc
1290 4672 1550 4739 spectantesque
1570 4667 1699 4724 diximus
1714 4668 1744 4723 in
1760 4685 1831 4741 prce-

125 4762 349 4819 Vesoutionensi
370 4761 679 4834 archiepiscopalium
700 4763 841 4819 uriirerse
857 4770 953 4823 caruis

124 4854 271 4925 ingresso,
288 4857 348 4907 tam
364 4852 458 4924 ipsius
474 4856 555 4906 terrae
581 4851 724 4922 principis
749 4869 838 4923 quarn
864 4857 954 4913 totius

124 4942 194 4997 cleri
210 4958 355 4997 consensu
372 4946 400 4997 ct
415 4939 525 5013 populi,
538 4941 574 4995 ad
590 4940 654 5011 ejus
665 4939 779 4994 calaren
793 4943 953 5015 suscipien-

124 5031 198 5087 dum
210 5031 399 5102 pontificatus
410 5027 683 5100 impellitur.n0uod
696 5028 702 5080 i
707 5045 757 5099 pse
769 5046 826 5100 pre
838 5032 952 5088 nrodes-

123 5120 167 5176 tia
175 5123 346 5175 constanter
355 5117 509 5174 recusarit.
518 5117 548 5172 Id
560 5134 578 5171 a
587 5117 659 5188 Syro
667 5121 696 5171 ct
706 5116 835 5189 Nalgodo
847 5136 953 5176 memo

124 5209 175 5265 riae
187 5208 335 5282 proditum
353 5212 407 5275 est,
420 5223 473 5263 nec
492 5205 599 5261 mirum
620 5205 644 5259 si
666 5207 896 5276 pretermissum
917 5210 953 5264 ah

124 5295 311 5368 Odilonc‚qui
323 5295 412 5351 etiam
428 5295 464 5349 de
484 5297 617 5349 recusata
636 5294 744 5347 summi
766 5296 954 5365 pontificatus

125 5386 270 5458 dignitate
295 5383 386 5442 siluit.
398 5384 510 5454 Quippe
529 5381 578 5454 qui
600 5380 696 5436 blaioli
716 5381 801 5437 breve
825 5382 953 5456 elogium

126 5475 228 5550 potius
238 5473 416 5530 excurrendo
427 5472 578 5527 adornavit
587 5487 675 5543 quarn
684 5470 773 5525 vitam
785 5478 953 5530 accuratam

126 5562 307 5639 composuit.
319 5561 414 5619 Maioli
429 5560 491 5618 loco
507 5559 616 5617 electus
630 5564 674 5616 est
689 5559 718 5616 in
734 5561 833 5617 sedem
848 5561 953 5621 Veson·

1010 4755 1117 4811 latione
1133 4755 1230 4810 saeculi
1248 4756 1332 4828 prirni
1348 4755 1383 4810 dc
1398 4757 1542 4825 ejusmodi
1559 4756 1756 4814 unctionibus.

1047 4847 1087 4900 la.
1103 4844 1273 4899 Praedictum
1290 4843 1526 4915 apocrisiariatus
1537 4845 1666 4901 officium
1681 4844 1750 4901 item
1766 4862 1832 4918 pro·

1010 4934 1289 5005 bantaliaquceelam
1301 4933 1427 5005 negotia,
1439 4950 1565 5005 quorum
1577 4939 1729 4993 exsecutor
1741 4935 1834 4992 Maio·

1010 5023 1056 5077 lus
1068 5021 1229 5078 monachus
1241 5021 1384 5076 t'uit.Nam
1394 5038 1470 5075 anno
1480 5024 1510 5076 lt
1522 5022 1744 5097 Ludoviciregis
1753 5045 1767 5074 «
1776 5023 1835 5080 Hil-

1009 5110 1177 5165 debrarrdus
1189 5112 1217 5163 ct
1233 5107 1357 5164 bloiolus
1370 5107 1570 5180 placitarent»
1582 5127 1681 5167 coram
1697 5110 1833 5170 Leotaldo

1009 5199 1127 5265 conrite,
1138 5197 1276 5254 Walterio
1291 5198 1472 5265 vicecomite,
1486 5199 1609 5272 aliisque
1625 5200 1730 5257 horum
1744 5201 1833 5273 fideli·

1010 5289 1058 5343 tas
1074 5287 1153 5358 (alibi
1168 5289 1299 5358 prinnitcs
1315 5287 1473 5360 appellant)
1489 5289 1731 5360 proquibusdam
1747 5292 1834 5347 terris

1009 5377 1146 5432 Cluniaco
1158 5376 1244 5444 datis,
1257 5392 1320 5448 qua
1332 5393 1349 5430 a
1360 5376 1509 5433 nonnullis
1520 5378 1748 5450 occupabantur.
1761 5376 1833 5437 Item

1009 5484 1085 5523 anno
1096 5465 1224 5521 secundo
1236 5464 1364 5520 Lotharii
1376 5465 1452 5539 regis
1465 5488 1478 5515 a
1489 5466 1692 5523 Eldebrandus
1703 5471 1732 5523 et
1742 5459 1832 5526 unici

1008 5561 1055 5617 lus
1071 5554 1207 5614 monachi
1222 5555 1393 5613 clunienses
1405 5576 1419 5608 »
1432 5555 1593 5614 mittuntur
1607 5556 1643 5616 ab
1659 5555 1764 5617 abbate
1779 5549 1834 5644 ny·
