3900 6090
20 188 23 193 ῃ
122 234 177 304 stt
656 237 821 300 lovetot
845 233 1091 298 attotacbnsts
1114 233 1291 296 nonaum
1774 235 1835 296 8l2

123 377 217 435 Patris
232 371 383 431 Maximini
399 371 571 445 suffragium
584 369 708 444 supplici
718 389 786 428 voce
797 372 944 444 impetrat.
961 368 1834 442 Aopiamfierildoillcliadquemrlamtamulumrllvaldum

123 465 203 524 lllioe
219 467 247 519 et
262 462 325 519 siue
340 478 432 529 mera,
449 460 541 516 divisa
556 477 608 532 per
623 459 752 516 medium
770 459 868 516 tabula
879 475 947 517 oum
1002 458 1120 516 nominc
1135 459 1280 531 pertinere
1294 458 1456 526 videbatur,
1469 476 1555 532 quem
1572 457 1724 515 ceillerius
1734 474 1835 516 conve·

123 554 174 627 qui
190 551 365 609 clamaverat
380 566 485 606 sanum
508 551 595 619 utque
619 547 796 603 ineolumem
812 548 848 603 ad
865 547 948 604 littus
1003 548 1087 604 niens
1103 549 1175 604 dure
1191 547 1333 618 increpat,
1348 563 1400 602 eur
1415 545 1514 603 relicto
1529 564 1582 603 suo
1593 547 1691 603 officio
1702 545 1835 604 huicne·

124 643 230 711 detera
247 641 298 713 qui
313 640 349 696 ad
365 638 576 693 monesterium
591 654 746 693 accurrens
764 641 831 693 aute
858 637 948 692 altare
1004 635 1836 709 cessitatinonoccurratdtilleimportunitatedovietus,

124 729 329 807 prosternitur,
345 731 374 784 et
388 727 533 782 immense
547 727 615 782 ssetu
632 726 667 780 de
679 742 710 781 se
725 725 835 797 gratias
851 742 950 798 repen·
1005 726 1121 782 duobus
1131 742 1231 781 secum
1240 724 1652 796 sumptisaslrtis,puv¹ictrlam
1660 724 1836 781 conscendit

124 824 197 879 dens
218 836 269 893 pro
293 819 381 874 fratre
405 816 528 872 sollicite
554 816 749 888 precabatur:
768 816 807 871 Dc
823 815 887 882 bue,
905 815 949 869 in·
1004 815 1085 870 solus
1100 832 1173 888 pene
1188 819 1325 870 cunctam
1339 813 1442 869 insula,
1459 814 1644 886 superficiem
1656 813 1838 888 contegenti·

124 912 239 985 quiens,
257 911 366 975 sancto,
382 910 435 962 tua
455 904 575 960 basilica
591 921 648 960 non
664 920 774 970 exeam,
789 906 881 959 eloneo
894 904 950 959 lra—
1007 905 1062 959 bus
1078 905 1173 976 aquis,
1191 907 1275 959 vento
1291 907 1388 958 autem
1405 906 1492 958 llante
1508 921 1523 958 e
1538 903 1775 960 contrario.Cum
1787 902 1836 960 illc

124 1007 199 1058 trem
215 1014 312 1052 meum
330 995 402 1050 nrilri
415 993 582 1049 incolumen
595 993 852 1064 representesllui
863 993 950 1048 ctiam
1007 994 1035 1047 in
1052 998 1171 1048 ventum
1185 993 1282 1047 conari
1296 1009 1351 1047 uon
1364 998 1472 1063 posset,
1481 992 1509 1045 in
1520 991 1649 1047 medium
1660 992 1757 1066 pelagi
1768 990 1836 1049 cum

123 1109 188 1178 {1³⁵⁰
203 1089 273 1142 dum
289 1088 390 1140 contra
404 1083 557 1138 ecclesiam
574 1082 650 1137 beati
670 1082 789 1136 Andreae
815 1083 950 1153 apostoli,
1007 1082 1099 1138 asinis
1114 1082 1176 1138 suis
1192 1082 1345 1138 devolutus
1360 1086 1414 1148 cst,
1427 1099 1484 1153 quo
1500 1086 1528 1136 et
1543 1081 1731 1152 [erolunditas
1742 1083 1836 1155 rapidi

125 1192 191 1262 q'um
206 1184 250 1238 est
264 1176 294 1231 iu
309 1173 377 1230 villa
393 1171 559 1240 Ostellensi,
576 1171 764 1243 pervenisset,
781 1171 874 1226 sancti
887 1189 953 1244 apo·
1008 1172 1139 1227 ssunrinis
1155 1177 1184 1227 et
1197 1173 1273 1227 venti
1289 1171 1449 1227 adversitas
1465 1170 1539 1225 nibil
1553 1171 1578 1226 ei
1595 1171 1836 1228 commendando

126 1274 195 1333 stoli
210 1265 371 1341 implorans
392 1261 545 1329 auxilium,
563 1259 663 1316 statim
689 1261 726 1315 ad
751 1259 835 1316 littus
849 1266 878 1316 et
891 1261 954 1333 ipse
1008 1261 1112 1318 salutis
1129 1261 1206 1333 ultra
1229 1260 1416 1333 relinqueret,
1433 1261 1598 1332 ductusque
1619 1259 1758 1317 cumulos
1782 1259 1836 1317 mi·

127 1364 263 1422 dcveotus
279 1358 333 1421 cst,
350 1353 529 1422 fratremque
545 1353 680 1421 repetens
694 1365 761 1404 eum
777 1367 841 1406 sose
852 1350 954 1424 lugen-
1009 1367 1096 1407 noces
1116 1350 1230 1424 erigens
1243 1349 1341 1406 navim
1365 1349 1499 1423 operiret,
1516 1353 1550 1405 ut
1573 1366 1631 1405 non
1661 1355 1725 1406 tarn
1754 1350 1836 1407 aava

126 1459 187 1513 tem
202 1443 326 1521 reperit3
343 1441 393 1514 qui
404 1439 504 1495 videns
516 1439 646 1506 tratrem,
656 1439 724 1494 llere
733 1439 956 1514 ampliuscoepit
1010 1440 1086 1496 inter
1100 1441 1205 1509 undas,
1222 1455 1311 1512 quarn
1327 1440 1412 1495 undar
1427 1438 1502 1496 inter
1526 1455 1628 1496 navem
1654 1439 1835 1496 viderentur.

127 1557 185 1616 prae
200 1532 318 1611 gaudio,
330 1533 358 1586 et
372 1527 402 1583 in
418 1526 585 1599 amplexum
602 1542 690 1582 ruens
700 1524 881 1585 liberationis
892 1545 954 1584 mo·
1010 1529 1084 1585 Cum
1099 1545 1167 1602 ergo
1183 1544 1277 1602 neque
1292 1532 1378 1584 conto
1395 1544 1488 1601 neque
1503 1544 1584 1583 remo
1600 1527 1714 1600 aliquid
1738 1527 1835 1584 conari

126 1631 198 1686 dum
213 1619 381 1699 perquirere
398 1615 495 1688 coepit.
513 1613 646 1687 Denique
661 1617 850 1687 postmodum
864 1616 955 1690 pluri·
1009 1616 1129 1685 valeret,
1146 1617 1267 1692 puppim
1283 1616 1401 1684 insedit,
1418 1621 1446 1672 et
1460 1615 1580 1673 vocibus
1600 1616 1669 1673 altis
1692 1616 1835 1674 auxilium

127 1716 184 1776 mis
199 1711 371 1771 advixerunt
385 1704 579 1778 temporibus,
596 1710 625 1760 et
640 1705 798 1776 quotannis
817 1705 952 1763 liberato·
1011 1708 1110 1781 magni
1127 1706 1219 1763 Patris
1235 1705 1386 1762 Maximini
1398 1703 1555 1778 implorare
1565 1704 1837 1779 eaepit.llliooveuto

127 1805 209 1862 ribus
226 1798 289 1856 suis
303 1795 407 1853 debitas
423 1792 570 1849 servitutis
583 1792 757 1864 obsequium
768 1795 954 1852 devotissimo
1009 1797 1186 1868 quiescente,
1204 1795 1269 1852 navi
1287 1798 1390 1850 tanreu
1408 1794 1545 1850 tluctibus
1561 1793 1679 1867 oppleta
1700 1794 1838 1852 invisibili

127 1888 275 1968 prosecuti
291 1889 371 1944 sunt.
1010 1902 1099 1941 manu
1116 1885 1286 1958 perductus,
1300 1887 1420 1956 portum
1436 1881 1837 1958 Mrrogiliffloreoulappulit,

448 1970 565 2027 CAPUT
584 1970 632 2026 Vl.
1009 1990 1109 2031 secum
1126 1974 1188 2046 ipse
1202 1973 1390 2029 vehementer
1405 1972 1557 2028 admirans
1572 1970 1700 2044 qualiter
1719 1973 1838 2031 evadere

182 2070 219 2126 De
231 2063 481 2140 proedencpcruaso
495 2076 512 2115 o
526 2059 649 2116 mone
663 2069 761 2132 etpost
775 2061 898 2119 literato.
1010 2063 1146 2136 potuerit.
1163 2061 1274 2118 Dehinc
1294 2061 1328 2117 ad
1346 2060 1558 2117 monasterium
1573 2077 1642 2117 cum
1665 2061 1760 2117 asinis
1780 2061 1838 2118 suis

163 2159 208 2215 30.
226 2153 361 2213 Falconis
376 2150 524 2223 quondam
538 2148 677 2206 satellites
694 2149 784 2223 hujus
800 2151 894 2208 Patris
905 2152 954 2209 vil·
1010 2168 1169 2225 regressus,
1183 2151 1337 2223 ereptione
1353 2150 1399 2207 sui
1414 2150 1555 2223 gaudium
1572 2165 1715 2224 magnum
1728 2150 1839 2208 cunctis

129 2248 187 2305 lam
203 2262 267 2320 qua·
283 2239 396 2298 Bezillis
407 2239 774 2296 diciturintroverantetin
784 2240 953 2298 colonorum
1009 2241 1076 2298 lecit
1090 2240 1240 2296 fratribus.

128 2331 362 2409 inquietudinem
377 2328 471 2383 mulla
481 2325 595 2381 insania
606 2327 953 2399 grassabanturMissum
1314 2327 1431 2386 CAPUT
1451 2328 1525 2386 Vlll.

129 2429 246 2500 repente
260 2425 306 2479 ost
320 2424 349 2476 et
363 2418 503 2474 tratribus
519 2416 686 2472 nuntiatum
703 2434 710 2473 :
725 2418 775 2490 qui
790 2436 858 2475 curn
869 2436 953 2476 sane·
1071 2421 1108 2476 lle
1120 2436 1210 2476 merso
1225 2418 1275 2475 diu
1284 2420 1392 2491 jacente
1407 2420 1437 2474 ta
1452 2420 1578 2489 stamine,
1596 2435 1646 2476 acc
1658 2427 1777 2477 morato.

128 2520 226 2572 torum
238 2507 411 2586 pignoribus
420 2505 661 2578 quosdamesuis
674 2503 902 2563 transmiserunt
912 2526 955 2565 ro·
969 2516 982 2541 ⁹
1044 2509 1088 2565 32.
1105 2509 1243 2564 Viviunus
1260 2508 1337 2564 beati
1354 2508 1471 2564 Martini
1495 2509 1655 2565 eanonicus
1679 2508 1750 2565 lruic
1775 2507 1835 2566 loeo

130 2608 261 2678 gaturos,
273 2601 306 2654 ut
321 2596 356 2653 ab
373 2595 427 2651 hac
442 2592 576 2649 molestia
587 2611 617 2650 sc
628 2597 789 2666 temperare
803 2596 952 2654 deberent.
1008 2598 1158 2670 quondam
1175 2596 1427 2654 familiarissimus
1442 2597 1513 2653 tuit:
1531 2597 1582 2670 qui
1597 2614 1698 2655 secum
1711 2598 1835 2672 quodam

129 2692 183 2750 oui
198 2686 361 2749 ministerio
376 2683 492 2758 praluit
513 2682 688 2740 venerabilis
703 2683 820 2740 Simeon
837 2686 954 2744 nomine
1009 2691 1140 2760 tompore
1155 2703 1189 2743 eo
1206 2687 1363 2756 divertens,
1381 2685 1519 2743 conduxit
1533 2687 1692 2759 quemdam
1707 2704 1768 2743 sua
1782 2687 1836 2743 irs·

130 2780 235 2840 alaico
256 2776 375 2851 quidem
391 2777 570 2840 tonsuratus,
588 2773 638 2827 scd
654 2772 802 2829 modestice
818 2778 846 2830 et
860 2774 953 2847 gravi·
1009 2775 1157 2832 tornitatis
1168 2775 1344 2832 canonicum
1354 2773 1772 2850 nomineC0nstantinum,qui
1782 2775 1836 2832 alo·

129 2871 199 2929 tatis
214 2866 345 2926 moribus
356 2881 414 2921 non
424 2860 667 2933 improbabilibus
675 2861 877 2919 adornatus.ls
886 2879 954 2937 ergo
1009 2866 1096 2921 criter
1111 2882 1128 2921 a
1143 2864 1284 2920 fratribus
1299 2865 1438 2938 suscepti,
1453 2864 1542 2921 biduo
1556 2882 1624 2922 cnm
1640 2865 1723 2923 omni
1733 2864 1836 2922 officio·

129 2953 555 3018 cumvenerandissaactorum
568 2948 716 3005 memoriis
725 2951 953 3030 appensiscollo‚
1009 2955 1096 3012 silete
1120 2953 1231 3010 detenti
1258 2958 1338 3009 sunt.
1355 2953 1394 3009 llo
1419 2957 1518 3010 autem
1544 2953 1590 3010 die
1613 2971 1672 3027 quo
1695 2951 1834 3012 reversuri

129 3050 201 3106 dum
216 3042 402 3109 curticulam,
418 3056 477 3112 qua
492 3038 583 3095 coacti
600 3039 750 3111 praedones
774 3056 838 3096 sese
854 3041 953 3097 defen·
1008 3043 1193 3112 videbantur,
1209 3042 1333 3115 quidam
1348 3040 1462 3115 collegii
1477 3059 1578 3100 corum
1590 3044 1770 3115 juvenculus
1780 3060 1835 3101 mo·

129 3153 194 3195 sare
218 3133 370 3208 pmobant,
385 3131 493 3184 intrare
514 3126 610 3196 vellet,
628 3144 706 3183 unus
731 3145 831 3184 eorum
856 3128 952 3202 lapide
971 3120 992 3187 C
1009 3132 1082 3187 ridie
1098 3130 1316 3204 quiescentibus
1334 3131 1475 3186 fratribus
1490 3133 1547 3202 (ll)
1562 3149 1629 3188 cum
1644 3149 1716 3188 arcu
1731 3137 1761 3189 et
1774 3132 1832 3206 spi.

129 3229 244 3298 arrepto
257 3222 447 3278 irreverenter
461 3217 652 3273 reverendum
676 3216 758 3272 nisus
781 3222 826 3273 cst
850 3235 954 3291 percu·
1008 3220 1083 3278 culis
1098 3219 1260 3277 claustrum
1276 3220 1426 3294 ingressus
1442 3224 1497 3292 cst,
1513 3225 1542 3277 et
1563 3238 1631 3277 cum
1657 3223 1832 3295 quibusdam

128 3322 189 3373 tero
202 3314 310 3371 virum.
322 3308 378 3366 Sed
395 3324 462 3363 curn
478 3304 605 3377 lapidem
614 3305 744 3374 dimittit,
752 3305 815 3378 ipse
826 3323 952 3380 quoquo,

128 3400 280 3460 retroactis
292 3397 318 3454 vi
328 3396 426 3452 divina
437 3392 566 3448 brachiis
575 3397 602 3448 ct
610 3392 755 3462 eruribus,
763 3410 830 3451 cum
843 3394 953 3469 ingenti

1009 3310 1155 3367 sodalium
1164 3309 1257 3365 multo
1266 3309 1389 3381 strepitu
1398 3309 1830 3386 multaquelevitateagiooepit,

1008 3416 1086 3455 nunc
1102 3398 1215 3472 spicula
1230 3399 1392 3472 dirigendo,
1409 3416 1487 3455 uunc
1503 3399 1830 3457 cursuetclamorelra·

129 3492 227 3565 rugitu
245 3488 281 3545 ad
306 3491 414 3542 terram
440 3481 550 3537 corruit
570 3486 599 3536 ct
626 3497 709 3537 voces
737 3482 952 3544 diversissimas

128 3581 213 3638 cdere
228 3577 324 3652 carpit.
341 3573 422 3641 Quod
438 3569 532 3627 caleri
553 3570 743 3643 providentes
768 3571 877 3645 ingenii
893 3579 951 3631 ter-

127 3687 192 3728 rore
207 3664 333 3743 perculsi
348 3664 428 3730 suut,
440 3676 542 3715 omnes
554 3658 661 3732 pariter
672 3664 754 3715 torrae
764 3666 954 3733 prosternun-

125 3763 174 3817 tur
185 3756 301 3815 veniam
318 3768 370 3825 pro
386 3748 544 3807 commisso
561 3748 738 3821 flagitantes,
756 3750 844 3807 simul
860 3752 950 3810 etiam

1008 3494 1067 3545 tres
1084 3488 1283 3561 inquietando.
1301 3488 1431 3561 Cumque
1448 3493 1509 3545 uta
1523 3489 1830 3564 tantastultitioquie·

1007 3594 1087 3633 scere
1103 3577 1223 3633 deberet
1237 3576 1456 3645 admoneretur,
1473 3595 1531 3635 non
1547 3577 1694 3650 acquievit
1704 3596 1711 3648 ;
1723 3596 1777 3652 pro
1790 3593 1828 3635 re·

1005 3665 1135 3722 verentia
1148 3670 1247 3722 autem
1263 3682 1364 3722 eorum
1380 3666 1430 3740 qui
1445 3683 1512 3722 eum
1527 3666 1725 3735 adduxerunt,
1738 3683 1827 3742 requa-

1006 3754 1124 3812 nimiter
1137 3755 1192 3810 hoo
1209 3755 1326 3810 interim
1343 3755 1447 3811 fratres
1471 3754 1666 3828 pertulerunt.
1683 3756 1742 3812 Sed
1767 3770 1826 3814 cura

122 3848 223 3908 omnia
237 3846 352 3918 direpta
367 3841 538 3905 restituunt,
554 3842 629 3894 etse
651 3838 798 3896 maturius
822 3840 950 3918 orituros
1004 3860 1037 3900 co
1053 3843 1101 3900 die
1116 3861 1133 3899 a
1149 3834 1327 3899 monasterio
1343 3843 1481 3913 exissent,
1490 3843 1665 3901 temerarius
1673 3844 1724 3902 ille
1733 3858 1826 3903 navem

121 3938 308 4012 profitentur,
321 3929 548 4005 supplicantque
564 3943 616 4000 pro
631 3944 768 4000 compare
784 3933 817 3984 ut
832 3928 949 3989 libcrari
1004 3931 1173 3990 conscendit
1188 3937 1291 3989 contra
1302 3932 1455 3989 ecclesiam
1464 3934 1496 3989 B.
1509 3932 1689 4008 Hilarii,quo
1698 3932 1827 4007 profundi

120 4029 283 4084 mereretur
297 4021 333 4077 ab
345 4019 400 4076 hac
415 4018 576 4073 demonico
589 4015 784 4073 intestatione.
796 4017 883 4075 Porro
894 4022 950 4078 sra·
1003 4029 1153 4079 curreutes
1161 4020 1282 4094 ligeriti
1291 4021 1423 4077 ssuminis
1431 4021 1708 4095 aliquandovadum
1715 4028 1825 4099 negent

120 4119 180 4172 tres
195 4112 273 4168 bona
286 4124 338 4182 pro
354 4106 441 4163 malis
458 4105 649 4178 rependentes
665 4121 733 4160 mox
747 4121 814 4161 eum
835 4110 947 4166 exerci·
1002 4110 1134 4183 Cumque
1150 4111 1179 4166 iu
1195 4111 1291 4167 medio
1308 4111 1398 4167 lluvio
1415 4111 1731 4184 pervenisset,eoutum
1746 4128 1826 4188 quom

119 4197 381 4270 solacentigerunt
397 4211 485 4266 aqua,
501 4196 647 4266 caputque
663 4197 758 4250 totum
773 4196 948 4268 pertunden-
1001 4200 1119 4256 tenebat
1135 4198 1163 4254 in
1180 4216 1287 4272 aquarn
1302 4200 1422 4256 mittens
1433 4199 1560 4270 incaute,
1570 4195 1702 4260 cadendo
1712 4206 1824 4260 secutus

119 4294 174 4362 tes,
190 4302 297 4360 corpus
312 4283 390 4342 illico
405 4282 493 4356 pedes
515 4286 544 4338 et
567 4298 673 4339 manus
695 4300 748 4340 suo
774 4291 948 4358 reparantur
1000 4292 1054 4357 est,
1063 4288 1364 4361 ibiqueabhorauona
1379 4290 1514 4362 usquead
1525 4289 1620 4363 ipsam
1630 4296 1822 4365 pencnoetem

119 4378 270 4437 officiollt
285 4376 347 4448 ipsc
362 4388 486 4446 surgens
499 4369 767 4444 ineolumisgrandi
777 4375 945 4433 voeellcum
996 4375 1821 4454 Jaconsmultisouminvestigantibus,inveuirinequicie

119 4466 290 4526 benedicere
304 4470 333 4521 et
343 4460 486 4518 tumulum
497 4461 561 4533 ejus
572 4460 765 4517 Maximinum
775 4464 945 4536 magnifica·
960 4495 983 4560 D
1000 4466 1091 4522 denec
1106 4466 1142 4521 de
1156 4482 1190 4520 eo
1205 4464 1439 4537 desperantibus,
1452 4466 1566 4522 umbris
1577 4466 1643 4538 jam
1654 4467 1822 4525 incumben-

120 4575 152 4616 re
166 4555 262 4631 erepit,
279 4554 420 4625 ociusque
435 4550 502 4607 iude
518 4550 641 4622 digressi
658 4550 697 4605 nil
724 4553 898 4610 temeritatis
913 4554 943 4610 in

120 4647 222 4704 eadem
238 4642 338 4699 villula
353 4640 474 4697 alterius
490 4639 595 4694 addere
611 4646 872 4712 presumpserunt.

431 4728 547 4784 CAPUT
571 4727 630 4783 Vll.

227 4825 263 4879 lle
278 4824 376 4892 ottripa
392 4819 568 4888 internectus
583 4826 686 4873 seruato
699 4835 836 4891 prospere.

154 4915 199 4970 3t.
217 4913 302 4985 Liger
318 4910 423 4966 lluvius
433 4907 501 4962 huic
513 4907 690 4962 nronasterio
701 4908 858 4981 contiguus
869 4926 944 4966 cmo-

119 5001 437 5073 tumentipersaepeest,
447 4996 534 5052 etiarn
544 5013 754 5069 nonnunquam
765 4998 942 5057 detrimenti.

118 5092 192 5147 Nam
206 5106 281 5163 stepo
297 5089 368 5144 dum
385 5092 477 5143 metas
494 5085 567 5142 alvei
581 5084 625 5140 sui
643 5084 719 5141 banc
734 5103 806 5157 pene
817 5089 944 5162 contegit

118 5179 257 5246 insulam,
270 5177 454 5250 ligeritoque
469 5175 644 5246 conjunctus
656 5192 747 5229 unum
759 5176 883 5233 efficitur
893 5194 942 5250 pe-

116 5266 211 5342 lagus,
228 5270 390 5339 negatoque
406 5269 571 5320 commeatu
584 5261 735 5319 insulariis
747 5280 803 5320 non
816 5272 944 5322 contem·

116 5356 231 5423 nendis,
248 5355 379 5410 modicas
395 5353 535 5424 importat
551 5352 752 5407 necessitates.
770 5353 942 5426 llac‘itnquc

117 5444 271 5516 ingruente
287 5442 481 5509 incommodo,
492 5442 521 5496 in
533 5442 619 5496 domo
631 5442 754 5496 fratrum
766 5443 889 5519 contigit
901 5444 943 5502 in·

153 5533 209 5614 (tt)
224 5533 313 5590 Juxta
327 5530 430 5607 Regul.
447 5531 477 5589 S.
495 5529 601 5588 Beued.
619 5545 680 5610 cap.
700 5530 743 5589 43.

1000 4555 1089 4624 tibus,
1106 4555 1227 4627 quidam
1240 4553 1368 4626 piscator
1383 4555 1491 4611 Barbas
1516 4555 1646 4625 uonrine,
1664 4575 1743 4614 unco
1759 4572 1820 4615 euru

955 4661 959 4668 ·
999 4642 1126 4712 attraxit,
1143 4642 1268 4714 navique
1284 4643 1456 4715 impositum
1473 4643 1606 4702 adlittus
1618 4643 1822 4704 devexitllibil

1000 4734 1028 4788 in
1045 4751 1077 4789 oo
1093 4732 1214 4806 spiritus
1230 4731 1332 4788 sentiri
1347 4737 1470 4806 poterat,
1484 4739 1620 4791 mortuus
1635 4735 1673 4791 ab
1689 4735 1823 4793 omuibus

999 4822 1159 4878 dicebatur.
1169 4821 1257 4877 Dolor
1266 4821 1580 4895 ingens,maximequc
1591 4822 1768 4881 clericorum
1778 4822 1824 4898 qui

998 4929 1066 4968 cum
1086 4912 1282 4983 adduxerant,
1297 4912 1384 4967 lletus
1409 4911 1603 4968 intolerabilis
1629 4918 1767 4986 coegerat
1787 4910 1824 4969 ibi
1859 4910 1863 4917 ’

998 5001 1142 5074 plurimos
1156 5000 1276 5055 diversa·
1297 5000 1390 5055 atatis
1417 5000 1505 5058 simul
1528 5005 1557 5058 el
1581 5002 1770 5060 conditionis.
1785 4999 1826 5058 Ad

998 5088 1151 5145 eeclesiam
1168 5088 1266 5160 itaque
1279 5088 1401 5162 contigit
1415 5089 1596 5162 deportatus,
1613 5107 1725 5164 perque
1739 5091 1826 5165 pedes

998 5195 1147 5251 appensus
1162 5181 1217 5243 est,
1235 5177 1387 5249 multoque
1402 5177 1446 5233 vel
1462 5179 1529 5234 vino
1544 5177 1587 5234 vel
1612 5195 1689 5251 equa
1714 5180 1828 5252 digesta

997 5267 1094 5323 media
1110 5270 1193 5321 nocte
1208 5265 1257 5321 ubi
1272 5262 1356 5321 vivus
1371 5266 1508 5339 apparuit
1522 5267 1674 5338 depositus
1685 5271 1741 5335 est,
1754 5271 1783 5322 et
1796 5266 1825 5321 ia

997 5373 1060 5412 sese
1076 5353 1218 5428 paulatim
1233 5359 1380 5411 revertens
1396 5355 1467 5428 quid
1482 5372 1581 5411 secum
1594 5359 1733 5428 ageretur
1742 5354 1824 5412 veho·

996 5450 1109 5503 menter
1124 5443 1263 5500 admirari
1289 5444 1384 5516 coepit.
1402 5444 1535 5520 Cumque
1558 5443 1761 5524 requireretur
1775 5442 1824 5504 uui
