3900 6090
113 326 178 396 ⁸59

923 334 1023 398 Vl'l’n.

1762 337 1822 399 450

118 467 237 525 silentio
252 467 427 541 arguereris,
444 469 521 540 quod
537 467 612 523 iuter
636 474 716 525 territa
740 471 803 526 vita
828 477 939 527 aterne
954 489 982 555 Α
997 472 1201 542 potentissima
1221 471 1323 527 nierita
1349 477 1409 538 tua,
1426 477 1457 527 ut
1482 470 1522 528 vel
1551 472 1639 528 lluem
1663 472 1727 528 rita
1753 477 1821 541 tue,

109 556 227 633 gaudia
242 555 323 613 solus
338 561 370 612 tu
392 574 408 612 a
424 557 531 612 divinis
554 557 691 613 laudibus
716 576 856 627 cessares,
874 576 942 615 cum

117 644 266 722 precipua
279 645 331 701 tibi
347 662 398 719 pro
414 645 523 701 bonore
533 648 858 720 parentisgaudendum
875 647 943 703 liris-

113 738 173 804 οἶοί,
189 735 355 807 referreque
370 734 460 807 hujus
477 739 563 790 tante
589 734 740 791 suavitatis
763 736 888 792 insciam
915 742 942 793 te

115 814 199 892 esse;
216 840 305 896 quam
321 822 455 891 breviter,
472 839 620 895 quamque
642 823 766 879 dulciter
790 842 806 879 a
830 824 942 879 civibus

118 912 245 969 civitatis
261 911 340 968 illius
355 913 475 968 edoctus
491 912 583 968 inbas
599 929 681 969 voees
696 913 941 985 eantandeerupi·

118 1000 158 1058 sti
176 1019 182 1056 :
199 1000 219 1057 0
236 1002 292 1057 lter
306 1001 465 1058 Dominator
477 1004 608 1074 pretioue,
625 1004 701 1058 saltu
712 1020 796 1074 prinu
807 1003 942 1058 Christia-

117 1106 220 1147 noram
235 1093 265 1146 tn
280 1099 354 1146 terro
368 1090 457 1146 adbuc
467 1093 710 1162 perigrinantium,
727 1100 757 1146 at
770 1101 795 1148 ot
817 1093 870 1164 ipsi
885 1099 944 1163 post

119 1181 283 1236 mimicittos
299 1179 334 1235 ud
350 1182 468 1251 qratiam
483 1187 663 1245 reuertuntur,
676 1189 701 1236 et
719 1181 837 1252 eripitur
852 1183 943 1238 ruine

116 1270 244 1342 perlitos
260 1268 360 1324 darium
378 1270 630 1340 repercutiendam
647 1286 712 1325 vero
728 1269 835 1342 quibas
851 1268 944 1325 exsul-

117 1354 243 1411 tationis
258 1355 344 1412 labiis
360 1356 472 1412 edicam
488 1358 566 1430 quad
584 1358 705 1413 Matrem
722 1357 837 1413 bantini
849 1357 944 1412 Salva·

118 1445 204 1500 toris.
216 1444 358 1517 Reginam
371 1445 484 1514 mundi,
497 1445 651 1501 Dominam
668 1447 848 1519 angelorum,
861 1445 945 1518 virgi-

120 1533 185 1597 neis
195 1533 288 1590 oculis
303 1533 411 1602 vidisti,
425 1551 482 1591 non
498 1535 599 1590 vestali
615 1535 702 1591 choro
718 1536 941 1603 circumdatam,

119 1623 173 1681 sed
186 1621 321 1696 virginali
334 1640 441 1696 corona
455 1623 680 1680 circumfusam!
695 1624 802 1681 Felices
811 1624 886 1681 oculi
902 1623 944 1679 tui

121 1712 174 1787 qui
190 1712 374 1770 illamvidere
387 1716 647 1787 potuerunt,cujus
660 1715 825 1771 castissima
837 1715 946 1771 viscera

121 1801 186 1861 'eeu
213 1807 244 1859 et
262 1806 344 1858 terre
359 1802 498 1876 Opificem
515 1808 628 1876 portare
644 1805 831 1861 meruerunt!
849 1802 946 1860 felices

996 558 1289 632 quantulumeunque
1307 559 1446 616 laudabili
1461 559 1610 615 valeamus
1626 576 1761 617 sermone
1776 559 1823 616 de-

997 648 1123 705 scribere
1140 665 1146 701 :
1162 653 1307 719 quatenus
1324 664 1410 720 quem
1427 665 1542 720 semper
1557 647 1710 704 nobiscum
1722 664 1824 721 corpo·

997 735 1096 791 raliter
1109 736 1253 790 virentem
1269 754 1326 791 non
1343 736 1426 792 licuit
1440 736 1558 804 babere,
1575 736 1661 792 liceat
1674 735 1778 792 saltem
1789 753 1824 793 ex

997 823 1229 880 consideratione
1246 824 1464 896 pretiosissime
1485 825 1588 880 mortis
1612 816 1822 898 sempiternam

997 912 1823 987 tuivitamagnoscero,agnoscendodiligere,etdiligcnde

1000 1001 1091 1057 beata.
1107 1001 1249 1056 mercedis
1265 1001 1374 1073 aliquid
1392 1019 1444 1073 per
1460 1006 1487 1055 te
1502 999 1670 1072 piissimum
1682 1001 1824 1057 Patrema

999 1089 1057 1145 Deo
1073 1089 1338 1145 obtinerelliscant
1349 1088 1465 1144 interim
1478 1089 1571 1145 devoti
1583 1092 1731 1144 tantorum
1740 1087 1826 1145 mira-

998 1177 1101 1234 bilium
1119 1178 1268 1234 auditores
1283 1177 1415 1250 exemplo
1431 1177 1473 1232 tui
1490 1177 1586 1233 sobrie
1605 1176 1710 1245 vivere,
1725 1194 1824 1235 sacras

998 1267 1165 1339 frequenter
1189 1267 1327 1321 excubias
1354 1266 1509 1333 celebrare,
1535 1266 1624 1321 castis
1641 1265 1825 1337 orationibus

998 1355 1148 1418 inservire,
1163 1355 1301 1427 quoniam
1328 1359 1355 1410 rt
1373 1360 1402 1409 tu
1418 1355 1526 1410 ideirco
1544 1353 1653 1410 talibus
1678 1354 1825 1428 tantisque

998 1444 1115 1518 gaudiis
1130 1444 1271 1500 interesse
1285 1443 1509 1515 meruisti,qnad
1528 1443 1593 1499 aliis
1609 1442 1825 1500 dormientibus

999 1532 1105 1607 ipsein
1122 1533 1231 1589 sanctis
1245 1533 1398 1589 desideriis
1413 1533 1826 1606 vigilasti,orasti,horamque

999 1621 1134 1678 ultimam
1159 1622 1221 1678 siue
1245 1621 1463 1677 intermissione
1486 1621 1632 1694 cogitasti.
1649 1621 1707 1677 Nee
1728 1616 1826 1679 tamea

1000 1712 1150 1766 sufficiens
1164 1716 1225 1766 erat
1251 1711 1280 1765 in
1298 1715 1408 1766 secreto
1424 1710 1551 1766 cubiculi
1566 1711 1608 1766 tui
1629 1709 1686 1766 ista
1701 1707 1825 1783 operari,

1001 1799 1056 1855 nisi
1072 1799 1159 1855 etiam
1176 1799 1328 1854 nocturnis
1344 1799 1503 1872 frigoribus
1518 1799 1610 1854 edem
1630 1798 1708 1855 beati
1733 1798 1827 1856 Patris

114 1890 200 1948 ‘oculi
214 1889 385 1966 tui,quibus
400 1892 503 1947 datum
519 1897 564 1948 est
580 1892 659 1949 illam
674 1893 872 1966 videre,quam
884 1909 946 1965 spe·
960 1883 983 1949 ll
998 1887 1155 1961 Augustini
1180 1889 1237 1957 (57)
1254 1887 1465 1959 frequentares,
1482 1892 1512 1942 et
1541 1887 1607 1942 inde
1633 1887 1670 1943 ad
1694 1886 1824 1945 vicinum

122 1979 234 2037 riosam
250 1979 428 2053 superfilias
452 1979 615 2056 Jerusalem
641 1982 735 2055 angeli
761 1986 947 2052 venerantur,

123 2062 260 2147 homines
284 2069 460 2135 desiderant,
486 2072 613 2143 pavescit
637 2075 774 2140 tartarus,
799 2077 827 2127 et
851 2072 947 2128 omms

122 2146 259 2235 creatura
273 2157 375 2214 herem
386 2157 519 2215 miratur.
528 2158 584 2216 Nec
599 2158 666 2215 inde
676 2159 945 2231 selummodolelix,

123 2246 204 2319 quod
222 2244 295 2301 illud
313 2245 462 2320 singulare
477 2247 566 2303 totius
582 2247 661 2304 orbis
681 2250 770 2305 decus
784 2249 881 2304 videre
897 2267 947 2321 po·

125 2334 228 2402 tuisti3
241 2333 361 2406 potuisti
376 2335 464 2390 etiam
481 2335 638 2392 mellilluas
653 2337 718 2409 ejus
733 2353 817 2392 voces
835 2338 947 2405 audire,

126 2421 237 2495 quibus
260 2424 355 2479 socias
375 2423 501 2498 virgines
526 2425 562 2480 ad
590 2424 816 2481 collaudandum
841 2427 948 2499 llcgem

125 2512 300 2569 seculorum
316 2530 350 2570 ex
365 2529 418 2569 sua
432 2528 520 2570 carue
543 2513 743 2587 temporaliter
766 2521 948 2587 procreatum

122 2598 310 2668 hortabatur,
327 2601 483 2659 concinens
499 2597 571 2659 illud
587 2602 641 2658 viri
656 2604 796 2677 sapientis
822 2622 854 2660 ac
868 2621 950 2659 sena-

126 2688 202 2747 toris
215 2689 326 2746 Sedulii
343 2709 349 2746 :

189 2778 330 2829 Cantemus
345 2781 466 2840 Domino,
481 2781 570 2839 socie,
587 2784 727 2831 cantemus
742 2781 881 2832 bonorem.

189 2841 277 2891 tluteis
291 2856 367 2892 amor
380 2843 475 2893 Cbristi
491 2847 616 2907 personet
629 2857 674 2893 ore
688 2844 743 2907 pio.

126 2957 130 2963 ¹
161 2929 296 3002 Cumque
307 2931 344 2987 ab
358 2931 424 2988 aliis
432 2931 597 3005 virginibus
612 2931 949 3006 hocluissctexceptum,

126 3018 192 3078 elie
207 3018 258 3092 qui
272 3026 437 3094 sequuntur
450 3038 552 3078 versus
567 3021 806 3093 pronuntiabant.

175 3107 279 3162 manns
293 3109 326 3158 ad
342 3109 393 3159 ima
408 3111 462 3160 ruit
475 3123 573 3173 magna
588 3109 621 3159 de
635 3109 692 3159 luce
707 3112 855 3173 superbus,

126 3228 129 3233 .
207 3171 249 3221 Sic
263 3172 415 3222 homocum
431 3173 537 3230 tumuit,
552 3173 654 3237 primus
669 3173 701 3222 ad
718 3175 770 3222 ima
784 3175 846 3223 ruit.

176 3234 259 3285 Unius
273 3234 307 3284 ob
322 3235 446 3284 meritam
461 3234 550 3284 cuncti
565 3236 668 3298 periere
684 3236 802 3286 uriuores
818 3251 823 3284 :

206 3293 299 3346 Cuncti
312 3297 452 3346 salvantur
466 3298 546 3347 unius
560 3298 594 3346 ob
609 3298 742 3346 meritum.

175 3358 237 3408 Sola
249 3359 301 3409 luit
314 3360 418 3420 mulier,
424 3361 521 3470 ⁴qqntuit
533 3373 587 3423 que
598 3360 683 3423 janua
696 3361 778 3423 lethi,

443 3437 451 3471 ι

206 3423 245 3472 Ex
258 3436 312 3486 qua
325 3422 380 3471 vita
394 3437 422 3472 rs
453 3428 471 3482 t,
488 3422 544 3472 sola
557 3422 609 3472 tuit
622 3423 728 3472 mulier.

163 3515 259 3585 Atque
274 3511 304 3566 ia
320 3510 398 3567 bunc
413 3512 534 3567 modurn
554 3511 644 3568 totius
670 3512 809 3568 carminis
833 3511 893 3569 bini
918 3529 951 3568 ac

128 3600 192 3667 bini
207 3617 310 3657 versus
325 3598 546 3671 procurrebant,
556 3598 615 3656 illis
630 3616 746 3674 semper
761 3601 889 3673 repetitis
901 3600 951 3673 qui

127 3680 218 3768 primi
233 3706 251 3746 a
264 3689 357 3745 Matre
371 3689 486 3746 Domini
501 3689 683 3746 dicebantur.

174 3779 318 3829 &numus
331 3778 455 3836 Domino,
469 3778 559 3837 socie,
573 3782 712 3829 cantemus
725 3779 865 3840 honorem,

204 3839 295 3892 Dulcis
309 3854 383 3893 amor
395 3840 491 3891 Christi
507 3845 636 3906 personet
649 3855 696 3892 ore
709 3842 763 3906 pio.

384 3940 506 3996 decuria
521 3938 689 4012 apostrophe.

163 4029 230 4086 llec
246 4028 464 4102 tu‚poutifieum
479 4027 839 4102 dignissime,acutissima
854 4046 882 4084 vr
893 4046 953 4084 cor

129 4117 275 4196 por-aliam
290 4117 480 4180 oculorumin
495 4117 679 4190 spiritualem
687 4117 847 4191 potentiam
860 4123 953 4174 trans

128 4207 257 4285 latorum
269 4206 367 4264 videre
380 4208 522 4281 potuisti;
538 4206 598 4264 brec
613 4211 657 4274 tu,
673 4205 775 4263 intime
789 4206 952 4264 coelestium

129 4313 304 4354 amanorma
318 4300 524 4369 perscrutator,
539 4297 639 4352 audire
656 4296 777 4368 potuisti
788 4315 794 4364 ;
804 4295 850 4352 his
861 4295 952 4352 tantis

127 4390 249 4461 tamque
263 4384 416 4459 stupendis
428 4386 512 4442 rebus
526 4385 665 4442 interesse
680 4384 838 4458 potuistitl
851 4390 952 4442 saneta

127 4474 221 4533 animi
236 4475 280 4532 tui
295 4474 450 4549 puritas,et
462 4492 537 4548 pura
551 4475 800 4547 sanctitas‚qaam
810 4475 851 4531 sic
861 4475 950 4530 bono-

126 4569 174 4623 rat
187 4580 321 4636 superne
337 4563 461 4619 civitatis
477 4580 615 4636 suprema
629 4562 770 4636 dignitas!
786 4564 903 4620 edecus
918 4582 952 4620 ac

1001 1977 1126 2050 prelata
1137 1975 1259 2049 virginis
1275 1975 1418 2048 templum
1427 1975 1502 2030 hane
1512 1974 1635 2047 gloriam
1652 1975 1827 2034 Deivisurus

1002 2066 1183 2137 procederes.

1122 2173 1287 2230 Praesentia
1302 2171 1403 2226 duratur
1418 2171 1450 2228 de
1466 2181 1550 2228 inerte
1564 2173 1711 2228 Dunstani.

1039 2263 1082 2316 ll.
1098 2263 1180 2316 Anno
1196 2261 1286 2334 igitur
1297 2260 1383 2316 Verbi
1399 2260 1542 2316 incarnati
1558 2261 1712 2317 duodecim
1728 2259 1828 2319 minus

1004 2349 1209 2417 amillesimo,
1235 2349 1377 2407 adventus
1399 2348 1559 2421 Anglorum
1588 2349 1617 2406 in
1643 2350 1829 2407 Britanniam

1003 2437 1426 2512 quingentesimoscxagesimo
1436 2438 1829 2506 tertio,sanctissimus‚Dea-

1004 2526 1455 2599 quedileclissimusDunstanus
1466 2527 1668 2582 transitoriam
1677 2528 1830 2600 presentis

1003 2615 1068 2670 vitre
1084 2616 1220 2670 deserens
1236 2614 1344 2683 lucem,
1356 2616 1391 2671 ad
1407 2615 1502 2670 lucem
1520 2614 1604 2671 beata
1619 2620 1707 2688 alque
1722 2603 1831 2675 aterna

1000 2703 1187 2776 jucunditate
1203 2704 1355 2775 preditam
1372 2703 1512 2776 pervenit,
1524 2701 1574 2758 ubi
1590 2704 1666 2758 sicut
1677 2703 1720 2759 sol
1730 2720 1764 2759 ex
1777 2703 1833 2760 cla·

1005 2791 1089 2847 ritate
1105 2792 1154 2848 Dei
1171 2791 1345 2865 resplendet,
1363 2797 1392 2848 et
1407 2791 1485 2847 diem
1501 2795 1641 2847 eternum
1658 2791 1833 2849 eternaliter

1005 2881 1144 2954 possidet,
1157 2879 1831 2954 annopatriarchatussuitricesimotertiolbssl,

1005 2969 1165 3026 nativitatis
1190 2974 1289 3025 autem
1312 2969 1428 3025 circiter
1443 2968 1669 3043 septuagesimo,
1689 2985 1756 3024 cum
1767 2971 1831 3042 jam

1006 3064 1083 3115 esset
1108 3058 1187 3114 omni
1209 3059 1352 3114 virtutum
1368 3058 1545 3114 charismate
1561 3056 1676 3129 plenus,
1693 3063 1721 3113 et
1740 3058 1832 3121 Deum

1004 3148 1120 3204 videndi
1138 3147 1281 3203 desiderio
1297 3147 1546 3220 fatigatuscujus
1561 3145 1737 3203 venerabilis
1753 3151 1831 3202 tran-

966 3253 987 3319 ὓ
1006 3236 1082 3291 situs
1098 3241 1158 3292 tam
1175 3256 1191 3292 u
1207 3253 1345 3308 se,quam
1362 3237 1397 3291 ab
1409 3236 1475 3291 aliis
1492 3234 1648 3308 multiplici
1659 3235 1833 3293 revelatione

1008 3325 1170 3398 prescitos,
1188 3325 1244 3380 sibi
1258 3324 1484 3399 gaudium,aliis
1500 3342 1617 3397 gravem
1634 3324 1834 3398 ingessitmoef

1006 3429 1100 3469 rorem
1119 3430 1125 3467 :
1142 3413 1197 3468 sibi
1213 3414 1366 3487 gaudiam,
1382 3414 1521 3486 quoniam
1538 3414 1615 3485 quod
1633 3431 1685 3486 per
1703 3429 1785 3485 spem
1802 3413 1833 3471 in

1005 3503 1063 3558 vita
1074 3502 1237 3573 jucundius
1253 3502 1390 3568 babebat,
1406 3503 1435 3557 id
1451 3520 1502 3575 por
1518 3519 1580 3558 rem
1596 3519 1627 3558 se
1643 3501 1786 3579 visurum,
1803 3506 1832 3558 st

1005 3608 1038 3647 eo
1054 3591 1361 3662 perpetuolruiturum
1376 3590 1655 3663 gaudebat;creteris
1666 3606 1832 3660 memorem,

1006 3678 1203 3752 quoniamqui
1215 3678 1350 3734 similiter
1362 3678 1505 3734 diviniset
1519 3677 1659 3734 humanis
1667 3677 1833 3752 rationibus

1005 3767 1167 3835 excelleret,
1175 3767 1323 3822 neminem
1339 3766 1477 3838 deinceps
1493 3766 1522 3820 ia
1539 3769 1618 3822 terra
1627 3765 1832 3838 apparituram

1005 3855 1224 3914 existimabant.
1241 3855 1297 3912 Sed
1314 3872 1367 3911 nos
1386 3853 1597 3927 multiplicium
1623 3852 1833 3933 revelationum
1905 3926 1909 3933 ,

1006 3944 1181 4002 multimoda
1196 3943 1336 4001 relatione
1350 3943 1523 4016 postposita,
1532 3960 1634 3999 eorum
1650 3959 1714 4016 qua
1731 3959 1834 4019 propo·

1006 4032 1244 4107 suimussingula
1255 4032 1380 4106 singulis
1392 4036 1505 4088 tantum
1517 4032 1681 4089 rationibus
1697 4033 1833 4090 demons-

1006 4123 1160 4178 trabimus.
1171 4122 1238 4178 Dies
1250 4138 1318 4195 ergo
1332 4122 1502 4178 ascensione
1517 4120 1694 4195 potueriat
1711 4120 1834 4179 festivus

1006 4209 1545 4267 diemclarificationisbeatiDuustani
1557 4210 1706 4282 precessit
1718 4210 1832 4267 tertius

1006 4301 1105 4356 Tantrr.
1117 4298 1279 4372 itaquedioi
1291 4304 1428 4371 surgente
1440 4298 1831 4371 aurora,sacerdesquidam,

1006 4389 1124 4444 nomine
1138 4387 1264 4461 digeras
1280 4388 1328 4461 (ul.
1346 4387 1501 4460 llll'garus),
1518 4385 1656 4442 doctrine
1667 4391 1696 4443 et
1710 4385 1834 4444 actionis

1007 4479 1111 4535 merito
1123 4476 1398 4550 precipuus,quem
1413 4481 1518 4550 postea
1534 4474 1662 4531 nobilem
1679 4475 1707 4530 in
1724 4475 1834 4532 Helme-

1006 4567 1074 4623 ham
1098 4566 1269 4638 episcopum
1292 4564 1433 4620 claruisse
1453 4564 1631 4638 accepimus,
1648 4565 1719 4620 dum
1735 4582 1834 4622 sacros

126 4652 284 4728 praemium
297 4652 486 4726 virginitatis,
496 4652 547 4725 qui
564 4652 606 4708 sic
622 4652 768 4725 aggaudet
779 4656 890 4708 natura
902 4653 957 4707 vir·
971 4652 1160 4716 llDomiuira
1177 4652 1341 4710 ascensioni
1352 4654 1477 4709 bonores
1494 4653 1523 4708 in
1539 4652 1662 4709 ecclesia
1672 4651 1833 4710 Salvatoris

126 4741 219 4818 gineis
244 4741 333 4798 simul
357 4745 444 4814 atque
465 4741 602 4814 angelica
626 4741 777 4812 dignitatil
804 4742 860 4798 Sed
886 4759 952 4798 ecee

125 4848 219 4907 supra
233 4829 310 4887 vires
322 4829 480 4886 viventium
495 4833 542 4885 cst
565 4829 687 4886 viventis
712 4828 754 4886 tui
778 4829 807 4885 ia
833 4847 962 4903 corporc-

125 4919 268 4977 hudibus
282 4917 433 4974 immorari
446 4936 453 4988 ;
470 4922 579 4991 quanto
593 4917 692 4973 minus
707 4920 886 4975 transeuntis
898 4919 950 4986 tui,

125 5012 155 5083 et
168 5010 240 5082 cum
255 5008 369 5064 Christo
379 5006 554 5063 eternaliter
562 5007 711 5079 regnantis
724 5008 884 5080 condignas
892 5007 952 5065 lau·

126 5100 178 5158 des
192 5097 357 5156 valebimus
371 5097 589 5153 eliaciPrestet
604 5098 805 5170 omnipotenss
813 5099 889 5154 Deus
901 5116 952 5170 per

159 5206 220 5281 (57)
229 5205 318 5277 Recte
332 5203 466 5260 animum
476 5203 619 5260 Dunstani
636 5203 734 5260 obitus
745 5203 842 5276 signat
851 5205 952 5260 Osbor-

127 5280 306 5349 ans,i1ernpe
319 5277 442 5332 essem
459 5268 551 5332 salsus
569 5279 613 5332 est
629 5275 686 5339 bic,
705 5280 737 5330 ut
760 5275 842 5330 initio
867 5274 949 5344 Vita,

126 5349 156 5407 in
170 5348 352 5421 assignando
366 5364 443 5404 anno
459 5349 601 5402 adventus
615 5346 776 5419 Auglorum
791 5346 821 5401 in
837 5346 949 5402 britan-

126 5421 218 5488 niam,
233 5419 286 5503 qui
298 5437 356 5477 non
368 5436 446 5477 anno
461 5421 522 5485 428,
540 5424 573 5474 ut
590 5419 655 5490 ipse
670 5419 792 5490 putavit,
810 5418 860 5472 sod
874 5434 951 5474 anno

125 5495 178 5561 448
193 5490 312 5620 accrqlit,
324 5496 398 5548 teste
414 5492 499 5546 beda.
511 5490 673 5546 Concordat
688 5489 751 5546 dies
765 5489 951 5545 Asconsienis

124 5564 173 5623 bie
188 5562 259 5620 n'ota
274 5580 309 5620 us

158 5628 297 5721 lbbi'lmo
309 5606 450 5693 ’vicesimo
464 5632 599 5711 septimo,
615 5630 769 5714 allegitur
793 5636 857 5692 tum
873 5632 951 5711 apud

1006 4744 1126 4819 pervigil
1143 4743 1336 4816 impenderet,
1354 4749 1382 4799 et
1398 4747 1525 4797 mentem
1552 4742 1586 4797 ad
1613 4741 1742 4798 coelestia
1765 4760 1832 4799 eon·
1861 4787 1864 4792 .

1005 4833 1175 4906 templanda
1200 4832 1378 4901 estenderet,
1402 4831 1499 4903 seipso
1528 4837 1556 4886 et
1581 4831 1719 4888 omuibus
1743 4831 1835 4904 hujus

1006 4921 1110 4978 mundi
1130 4922 1218 4976 robus
1244 4919 1435 4988 transcensis,
1458 4920 1644 4976 Dunstanam
1674 4919 1834 4992 pontificali

1005 5012 1111 5068 throno
1127 5008 1271 5082 conspicit
1284 5009 1536 5080 presidentemet
1550 5009 1626 5065 clero
1637 5011 1708 5082 jura
1718 5009 1834 5066 canoni·

1006 5117 1040 5156 ea
1055 5098 1260 5165 dictantem;et
1277 5113 1342 5152 ecce
1357 5114 1410 5169 per
1425 5112 1527 5152 omncs
1542 5096 1785 5169 ecclesiarjanuas
1794 5099 1832 5153 ir·

1005 5202 1300 5270 lt⁷illelmum‚tumin
1318 5201 1441 5257 historia
1455 5202 1519 5272 ejus
1536 5201 1736 5259 translationis
1746 5204 1830 5260 inira.

1007 5276 1099 5332 Odeni
1127 5275 1234 5347 quippe
1255 5273 1426 5328 Dunstanus
1451 5274 1593 5329 successit
1618 5291 1694 5329 anno
1720 5276 1770 5329 ull
1797 5290 1834 5331 ex

1006 5346 1199 5417 Chronologia
1214 5344 1365 5400 Saronico.

1042 5418 1097 5490 (59)
1114 5417 1177 5472 llaec
1192 5415 1334 5471 verbatim
1351 5417 1439 5471 refert
1453 5414 1621 5478 Willelmus
1640 5413 1671 5469 in
1686 5413 1737 5470 lib.
1754 5433 1774 5471 ιι
1791 5416 1831 5474 De

1005 5486 1375 5562 pontificibusllnglorum,
1393 5491 1491 5569 capt,
1502 5487 1550 5541 ubi
1567 5487 1603 5541 de
1618 5486 1832 5560 episcopisllel·

1006 5558 1288 5626 monensibus‚intor
1303 5575 1376 5631 quos
1388 5563 1525 5631 qumtum
1537 5563 1668 5616 recenset
1676 5558 1829 5640 etgarum,

1006 5632 1090 5711 cujus
1106 5630 1292 5691 sanctitatem
1308 5647 1343 5690 ex
1356 5629 1411 5694 boc
1427 5630 1490 5691 loco
1504 5629 1603 5691 insert.
