3900 6090
117 329 176 390 399
638 331 803 396 euzotus
825 325 993 390 neutris
1014 326 1296 390 DERTONENSIS.
1758 327 1820 390 ⁴00

115 468 217 517 serunt
231 462 284 519 boc
295 479 411 538 semper
421 462 564 520 desiderio
575 463 667 519 sancti
679 462 787 535 quique
806 467 836 517 ut
851 461 981 534 hujusA
1015 460 1080 515 Cur.
1099 460 1169 515 Llll.
1187 493 1220 501 --
1238 460 1340 529 Quibus
1361 461 1510 543 irunolatio
1530 461 1666 518 Dominict'
1680 461 1802 532 coritanis

115 551 202 623 punis
212 551 352 609 alimonia
361 552 420 610 Deo
435 553 573 619 viverent,
585 551 693 625 quihus
703 550 871 623 temporalis
882 550 942 605 vitu
1298 539 1411 588 mmm
1426 534 1520 605 imn-

116 632 316 714 dimdium,
329 646 358 697 et
372 642 467 698 vivom
480 641 614 698 Christus
630 640 698 707 sum
714 657 729 695 e
746 641 853 712 quibus
864 656 942 694 unus
1033 621 1087 676 Sed
1103 622 1254 676 sciendum
1265 626 1310 676 ost.
1321 621 1389 692 quia
1405 621 1463 676 illis
1478 621 1598 677 victima
1613 621 1738 676 mortuis
1754 636 1821 693 prc-

115 727 367 785 venemhjtjspjtae
376 729 630 797 gassinsmomine
640 728 821 792 Nafnjpnspffi
835 725 940 799 Pupput
997 709 1071 771 dest,
1088 711 1136 782 qui
1150 710 1196 764 hic
1207 710 1398 765 obtinuerunt-
1408 710 1538 777 vivendo,
1552 714 1583 765 ut
1594 727 1644 764 eos
1655 711 1742 763 elium
1756 714 1823 781 post

119 815 265 887 gcclesioe,
278 822 311 873 ug
326 819 357 874 ΒΙ
370 818 527 891 Gregorius
544 818 639 883 popm,
652 834 718 871 sum
738 817 942 889 quotidianum
998 805 1120 852 mortem
1137 798 1213 852 hona
1229 798 1376 869 adjuvent,
1393 816 1456 870 qum
1472 798 1520 852 hic
1542 816 1594 871 pro
1616 799 1687 872 ipsis
1703 800 1739 853 uh
1755 797 1823 853 aliis

118 906 294 963 sacrificium
311 908 436 974 offerret,
449 924 538 980 994¹„ss
550 908 646 979 ipsum
664 907 738 961 fimes
753 907 814 978 ips„
831 906 942 960 wip,
997 889 1081 941 liunt.
1095 888 1172 941 luter
1187 887 1246 942 hee
1263 894 1361 942 uutem
1377 887 1560 958 pensandum
1572 893 1625 955 est,
1638 888 1714 959 quod
1731 887 1824 943 tutior

117 995 230 1051 ciorum
241 1013 348 1053 arcuna
363 1000 475 1067 gramm
492 997 551 1052 900
563 996 710 1051 victimam
731 996 846 1059 saw-013
859 1011 942 1049 man„
996 975 1042 1031 vin
1057 976 1105 1042 sit,
1120 981 1152 1031 ut
1168 976 1288 1041 honum,
1301 976 1378 1047 clriod
1390 976 1515 1048 quisque
1526 982 1590 1049 post
1601 981 1725 1031 ruorlem
1736 992 1823 1031 suam

119 1083 221 1139 datum
230 1084 346 1140 Domini
357 1085 624 1156 percejusdamsui
635 1085 774 1139 visionem
784 1083 943 1155 presbyteri
997 1070 1094 1136 Sl‘strat
1109 1066 1154 1137 “lb'l
1172 1082 1223 1136 1)οΓ
1238 1065 1321 1131 ‘stills’
1333 1071 1401 1137 abab
1426 1066 1497 1137 ipses
1521 1066 1590 1120 ‘lum
1615 1066 1695 1131 Villis
1713 1084 1764 1139 1³⁰r
1779 1082 1822 1123 ⁸⁴³·

121 1172 260 1245 suscepit,
274 1172 373 1228 dicens
386 1190 392 1228 :
403 1174 462 1246 Age
473 1174 550 1245 quod
566 1173 643 1244 ngis;
659 1188 777 1245 operam
788 1174 865 1244 quos}
876 1189 943 1245 (ψῃ.
999 1154 1115 1209 Beatius
1126 1153 1232 1225 quippe
1242 1159 1287 1209 est
1300 1154 1424 1208 liberum
1441 1154 1518 1210 exire
1530 1172 1616 1225 epirum
1631 1160 1697 1226 post
1706 1154 1826 1210 vincula

121 1260 206 1317 ruris.
218 1261 280 1318 Non
296 1265 391 1317 resset
406 1279 456 1332 pes
475 1267 553 1329 tuus,
572 1279 629 1318 nen
650 1266 743 1317 cesset
763 1278 867 1317 munus
882 1266 943 1316 tua.
999 1241 1161 1298 Hbffl'ffltssffl
1173 1259 1309 1314 ‘1¹¹³’l0l0-
1322 1242 1468 1298 Usshstmus
1483 1243 1581 1315 iWllffl
1596 1260 1725 1315 Pffl'bssfls
1736 1261 1825 1298 b'ffiffll·

121 1348 215 1406 h'utnli
232 1350 431 1421 apostolorum
445 1352 543 1407 venies
560 1353 595 1407 ed
612 1367 668 1416 me,
680 1356 709 1406 et
721 1351 878 1406 retribuum
891 1350 942 1405 tibi
999 1330 1131 1396 ¹¹¹¹¹¹2V⁰¹
1161 1331 1230 1402 quia
1255 1333 1318 1403 istm
1348 1332 1547 1403 conslllsslfflsss
1575 1332 1742 1401 (leflssblsssei
1763 1337 1825 1391 m

121 1438 284 1496 mercedem
300 1442 392 1495 tuam·
405 1440 458 1507 Qui
476 1445 540 1513 pos,
555 1457 647 1496 annos
663 1447 775 1514 θυμω]
791 1440 854 1513 ipso
865 1445 945 1495 nata,
1000 1425 1097 1517 mento
1109 1423 1308 1486 contemnere;
1322 1420 1492 1491 quotidiana
1504 1420 1561 1476 Dee
1573 1420 1769 1494 lacrymarum
1780 1438 1826 1479 su·

121 1525 184 1583 ligo
200 1526 400 1601 ,lmspotorum
411 1529 458 1584 dfe
468 1545 536 1585 cum
554 1530 714 1586 missarum
726 1530 869 1587 solemni,
884 1546 946 1602 pop,
999 1509 1307 1580 orilieiu,quotiilianas
1319 1509 1415 1564 curnis
1430 1510 1493 1580 ejus
1506 1514 1534 1564 et
1545 1510 1699 1581 sanguinis
1710 1510 1825 1568 hostius

120 1616 238 1691 egisset,
255 1623 282 1674 ct
300 1618 439 1691 mysteria
449 1635 537 1674 suere
548 1620 764 1676 communionis
775 1619 944 1692 accepisset,
1000 1596 1162 1652 immam·
1189 1601 1254 1653 ΗΜ
1281 1614 1407 1669 n²³¹¹¹¹l¹¹⁰
1433 1596 1621 1670 Singulffl'imf
1643 1600 1762 1657 *imma
1786 1600 1825 1657 ab

1000 1691 1107 1742 aterno
1124 1687 1242 1743 interitu
1257 1687 1371 1743 unimus
1383 1686 1549 1760 solvitque
1560 1687 1640 1744 illum
1653 1689 1739 1745 nobis
1750 1707 1828 1746 nior·

1000 1780 1060 1831 tem
1089 1775 1236 1849 linigeniti
1267 1792 1317 1848 per
1342 1777 1514 1849 mysterium
1538 1783 1662 1851 reparat.
1679 1780 1733 1845 Qui
1758 1778 1829 1837 licet

1001 1880 1114 1936 stirpem
1128 1867 1269 1921 amortuis
1279 1866 1341 1935 jara
1355 1882 1410 1921 oron
1424 1870 1551 1934 moritur,
1567 1876 1594 1924 ct
1605 1885 1679 1924 erroro
1701 1872 1729 1925 ei
1749 1870 1827 1928 ultro

1000 1969 1056 2008 nott
1075 1952 1272 2019 dominabitur,
1289 1954 1319 2009 in
1345 1971 1375 2006 so
1406 1955 1468 2025 ipso
1498 1956 1713 2025 immortaliter,
1737 1963 1827 2031 utque

1003 2040 1262 2114 incorruptibiliter
1285 2043 1383 2098 vivens
1399 2060 1449 2113 pro
1475 2045 1559 2099 nobis
1586 2045 1692 2102 ilerum
1717 2046 1747 2104 in
1770 2047 1827 2103 hoc

1003 2132 1140 2204 mysterio
1155 2148 1244 2187 saeros
1259 2130 1416 2188 oblationis
1434 2133 1614 2190 immoletur.
1631 2136 1701 2206 ihus
1717 2136 1828 2211 quippe

1002 2220 1041 2276 ibi
1055 2236 1161 2292 cerpus
1171 2220 1308 2289 sumitur,
1318 2219 1383 2290 ejus
1393 2237 1460 2276 curo
1473 2222 1502 2276 in
1515 2222 1614 2296 populi
1626 2224 1753 2281 salutem
1763 2244 1830 2301 par·

1003 2311 1085 2376 titur,
1097 2311 1162 2380 ejus
1176 2309 1297 2382 sanguis
1311 2326 1367 2364 non
1380 2310 1442 2381 jam
1455 2311 1484 2365 in
1496 2312 1633 2367 nranibus
1650 2313 1827 2385 infidelium,

1005 2399 1055 2454 sed
1073 2399 1101 2454 in
1117 2415 1168 2454 ora
1183 2397 1314 2453 fidelium
1336 2397 1479 2453 tunditur.
1498 2399 1569 2455 llinc
1584 2417 1652 2475 ergo
1668 2418 1830 2474 pensemus

1004 2487 1091 2561 qtralo
1106 2488 1145 2543 sit
1161 2504 1213 2560 pro
1229 2487 1378 2543 nobishoc
1394 2488 1581 2559 sam-ilicium,
1597 2506 1655 2561 quo
1670 2507 1722 2563 pro
1742 2494 1828 2551 ubso-

1005 2577 1223 2633 lutionenostra
1233 2576 1400 2648 passionem
1410 2577 1551 2650 unigeniti
1565 2579 1627 2634 Filii
1637 2596 1755 2655 semper
1766 2581 1832 2639 imi-

1005 2665 1187 2732 tamur.Quis
1197 2664 1274 2720 enim
1288 2664 1418 2720 bdelium
1434 2665 1541 2722 habere
1552 2667 1674 2725 dubium
1690 2672 1786 2742 possit
1800 2672 1830 2729 in

1005 2757 1070 2828 ipsu
1087 2752 1298 2826 immolationis
1311 2753 1383 2810 hora
1397 2755 1433 2809 ad
1453 2756 1614 2813 sucerdotis
1625 2774 1724 2815 rocem
1740 2761 1831 2819 eoelos

1005 2843 1131 2917 aperiri?
1142 2844 1171 2900 in
1183 2842 1309 2899 illolesu
1318 2842 1425 2899 Christi
1439 2844 1755 2920 mzsterioangelorum
1763 2849 1847 2923 che,

1006 2952 1054 2992 ros
1064 2933 1186 2991 edesse?
1196 2932 1323 2988 summis
1333 2932 1393 2988 imu
1403 2933 1528 2989 sociari?
1538 2939 1644 2991 terram
1655 2937 1831 2997 coelessibus

1002 3023 1109 3097 jungi?
1121 3038 1214 3077 unum
1224 3021 1343 3093 quidem
1355 3037 1389 3076 ex
1398 3022 1565 3079 visibilibus
1575 3027 1662 3097 ablue
1677 3010 1819 3085 invisibili

1006 3116 1061 3171 bus
1075 3112 1157 3169 fierit
1182 3111 1238 3168 Sed
1259 3126 1377 3166 necesse
1399 3115 1443 3165 est
1467 3117 1508 3178 ut,
1525 3130 1592 3169 cum
1615 3114 1675 3170 hec
1699 3117 1829 3190 agimus,

121 1720 137 1761 e
152 1721 272 1780 corpore
287 1707 384 1762 exivit.

122 1832 188 1889 Cur.
210 1831 303 1889 XLlX.
315 1864 348 1874 -
366 1832 502 1901 Quantam
520 1848 608 1891 sacras
629 1834 773 1890 oblationis
796 1833 945 1890 inornatotio
964 1831 989 1897 B

317 1912 486 1962 mortuoram
500 1905 644 1978 spiritibus
657 1907 754 1979 prosit.

162 1991 198 2063 (8)
207 1991 264 2049 Sed
277 1992 324 2064 qui
342 1991 450 2048 mirum
466 1993 490 2049 si
506 1992 627 2049 humani
650 1992 765 2067 generis
779 2009 878 2049 verum
892 1992 947 2047 hoo

125 2084 155 2135 et
170 2078 318 2153 singulare
329 2079 498 2152 presidium
510 2081 539 2135 in
552 2096 670 2155 corpore
682 2082 870 2137 metuentibus
880 2081 948 2136 fide

126 2168 205 2226 libus
225 2172 254 2224 et
276 2167 334 2225 Deo
348 2168 446 2226 charis
469 2171 505 2227 ud
528 2174 700 2243 presentem
726 2174 754 2225 et
777 2173 947 2245 perpetuam

127 2256 289 2332 opitulatur
298 2257 435 2325 salutem,
446 2258 563 2331 quondo
574 2258 646 2314 illud
658 2259 712 2331 ipsi
724 2259 812 2315 etiam
824 2263 950 2316 mortuo·

129 2362 193 2403 rum
209 2346 331 2420 spiritus
347 2347 541 2403 uviventibus
556 2352 670 2421 petunt,
680 2352 710 2403 et
724 2348 808 2422 signu
819 2349 950 2404 indicunt

130 2435 238 2509 quibus
254 2452 305 2508 per
318 2436 372 2491 hoc
389 2435 514 2492 absoluti
539 2454 603 2492 esse
627 2436 800 2493 videantur?
814 2439 951 2494 Testatur

129 2524 948 2600 siquidemsepedictussnnctissimuspapaGregorius,

129 2629 182 2670 suo
197 2620 326 2687 tempore
346 2612 437 2670 luisse
452 2614 609 2686 quemdum
629 2618 736 2671 sunctae
756 2615 950 2672 conversatio-

129 2701 174 2759 nis
203 2703 395 2771 sacerdotem,
419 2703 467 2759 cui
500 2705 680 2760 consuetudo
710 2705 803 2760 luerat
828 2704 857 2759 iu
888 2704 950 2760 loeo

130 2790 158 2847 iu
187 2809 245 2865 quo
280 2808 362 2864 aque
392 2790 492 2847 calide
527 2808 648 2866 vapores
684 2793 792 2849 nimios
828 2793 949 2862 iaciunt,

128 2879 241 2953 quoties
271 2880 429 2938 necessites
454 2880 631 2953 postulabat,
657 2881 771 2937 lavandi
797 2900 884 2939 eausa
903 2898 950 2938 ve-

127 2969 200 3042 nire,
216 2973 271 3026 etc.

155 3096 222 3152 Car.
240 3094 271 3151 L.
282 3125 316 3136 -
329 3095 366 3151 lle
379 3094 496 3168 modom
508 3095 639 3152 nwaocbo
654 3098 703 3167 ool
715 3097 925 3166 persoluturum

337 3167 453 3223 bostiam
466 3166 632 3239 supplicium
646 3168 739 3223 erosit.

165 3254 221 3313 Sed
236 3256 305 3328 quia
320 3255 356 3311 ad
372 3254 637 3312 commendendam
651 3255 789 3312 virtutem
805 3256 949 3312 Dominrcr

130 3344 260 3419 corporis
271 3344 307 3401 de
321 3344 352 3400 B.
362 3343 493 3417 Gregorii
510 3343 625 3417 dialogo
636 3342 735 3417 aliquo
746 3346 809 3417 jum
822 3345 952 3418 capitula

128 3435 197 3493 huie
211 3432 312 3492 libello
335 3432 490 3490 inserendo
514 3432 692 3505 putavimus,
707 3450 765 3489 nnn
781 3434 834 3490 abs
849 3451 879 3491 re
894 3440 950 3503 est,

129 3525 155 3583 si
179 3540 282 3597 pauca,
298 3540 362 3596 que
386 3526 507 3590 restent,
523 3521 679 3596 preteritis
704 3523 791 3578 fidem
816 3512 953 3581 facientia

67 3673 76 3685 ‚
130 3617 348 3671 connectamus.
364 3611 537 3668 corroborat
564 3611 644 3667 enim
669 3611 795 3669 maxime
820 3613 952 3670 fidelium

130 3719 213 3778 spem
224 3704 259 3760 de
269 3702 361 3759 divini
372 3700 601 3775 semporjudicii
615 3706 696 3758 metu
707 3701 864 3759 sollicitam
875 3701 952 3776 quod

129 3793 269 3868 prelatus
296 3792 486 3849 beatissimus
518 3808 595 3865 pape
626 3791 784 3865 Gregorius
816 3808 847 3849 so
882 3809 952 3865 prn-

129 3887 213 3944 sente
236 3883 342 3941 asserit
364 3882 394 3937 in
419 3898 472 3939 suo
497 3881 674 3938 irronusterio
698 3881 868 3954 contigisse.
885 3882 953 3947 Qui-

130 3972 199 4032 dum
214 3988 340 4044 numque
361 3970 533 4040 monachus,
549 3971 652 4029 lustus
675 3970 802 4040 nomine,
820 3976 881 4027 urle
896 3986 954 4026 me

131 4061 225 4129 dicus,
241 4064 297 4118 stc.

149 4185 217 4242 Gir.
235 4183 376 4241 1.1.-ue
390 4182 506 4255 quadam
522 4184 599 4255 cujus
613 4185 724 4239 vincalo
739 4184 769 4239 in-
783 4186 938 4308 captivitato

238 4256 327 4316 obtuto
339 4261 447 4329 peracto
462 4255 597 4325 sacrificio
611 4254 784 4311 solvebantur
798 4266 808 4326 (
827 4258 847 4328 ).

166 4346 231 4404 Non
245 4343 331 4419 louge
345 4361 363 4402 a
377 4343 486 4401 uostris
511 4342 603 4398 lertur
625 4342 808 4416 temporibus
833 4343 953 4412 luctum,

130 4434 210 4512 quod
223 4434 345 4509 quidem
356 4433 392 4492 sb
403 4432 539 4491 hostibus
549 4437 652 4505 captus
669 4431 754 4506 longe
765 4433 956 4491 transductus

131 4530 188 4598 est,
201 4530 258 4585 eto.

915 3256 920 3267 ,
943 3257 948 3269 ,
965 3200 987 3267 C
1002 3202 1198 3274 nosmetipsos
1215 3200 1271 3254 Deo
1295 3200 1323 3254 in
1349 3200 1446 3255 cordis
1461 3202 1636 3260 contritione
1652 3210 1828 3275 mactemus,

1006 3293 1084 3366 quia,
1094 3291 1143 3363 qui
1155 3287 1301 3362 passionis
1312 3288 1468 3344 bonrinica.
1482 3292 1619 3362 mysteria
1632 3292 1828 3367 celebramus,

1006 3383 1147 3438 debemus
1157 3378 1263 3434 imitari
1281 3378 1358 3450 quod
1375 3379 1501 3451 agimus.
1513 3380 1595 3436 Tunc
1609 3397 1678 3456 ergo
1693 3400 1761 3441 vern
1776 3402 1830 3461 pro

1007 3471 1091 3527 nobis
1106 3470 1163 3525 Deo
1179 3467 1275 3524 hostia
1288 3467 1352 3535 erit,
1365 3484 1432 3523 oum
1446 3486 1499 3524 nos
1514 3469 1594 3542 ipsos
1608 3470 1736 3529 hostium
1753 3474 1829 3532 leoe-

1008 3561 1054 3617 rit.
1065 3560 1121 3617 Sed
1132 3558 1312 3615 studendum
1325 3558 1410 3613 nohis
1420 3564 1475 3627 est,
1486 3565 1517 3614 ut
1536 3560 1624 3615 otiam
1645 3567 1712 3633 post
1725 3563 1834 3622 aretio·

1008 3651 1055 3708 nis
1070 3654 1209 3720 tempora,
1223 3647 1251 3700 in
1267 3651 1410 3717 quantum
1426 3646 1484 3703 Deo
1504 3647 1646 3721 largiente
1660 3668 1833 3724 possumus,

1008 3742 1038 3796 iu
1055 3740 1118 3813 ipso
1134 3737 1266 3793 animum
1285 3751 1339 3791 suo
1363 3736 1490 3807 pomlere
1505 3742 1534 3792 et
1555 3738 1654 3810 vigore
1670 3758 1834 3815 servemus,

1009 3847 1044 3885 ne
1060 3831 1126 3900 post
1141 3825 1277 3899 cogitatio
1288 3824 1365 3880 ssuva
1375 3824 1524 3893 dissolvat,
1543 3843 1578 3883 ne
1592 3844 1667 3884 vana
1682 3831 1774 3887 menti
1789 3831 1836 3889 les·

1009 3919 1075 3976 titia
1089 3918 1228 3988 subrepat
1243 3919 1272 3971 et
1287 3913 1402 3969 lucrum
1419 3916 1655 3987 compunctionis
1665 3919 1768 3977 enims
1783 3936 1837 3995 ρον

1009 4006 1153 4064 incuriam
1169 4004 1252 4061 lluxae
1262 4002 1448 4076 cogitationis
1461 4004 1573 4076 perdat.
1586 4005 1662 4063 Dum
1671 4011 1774 4094 cutem
1783 4024 1838 4083 per

1010 4095 1116 4153 indulti
1128 4093 1267 4165 temporis
1283 4092 1410 4166 spatium
1424 4091 1581 4159 liert,dum
1593 4094 1834 4167 judexsustiunb

1010 4188 1081 4242 dum
1092 4183 1309 4241 conversionem
1321 4185 1451 4237 nostrum
1463 4182 1552 4254 isqui
1563 4180 1664 4256 culpus
1673 4184 1835 4255 examinet.

1010 4277 1166 4348 exspectet,
1182 4270 1344 4327 conflemus
1360 4270 1388 4325 in
1405 4268 1543 4342 lacrymis
1559 4270 1699 4329 duritiam
1713 4274 1835 4345 mentis,

1011 4367 1171 4420 tbrmemus
1188 4361 1217 4415 in
1242 4358 1382 4433 proximis
1396 4358 1521 4431 gratiam
1546 4359 1749 4433 benignitatis,
1760 4362 1835 4420 atll·

1011 4455 1112 4510 denter
1126 4451 1202 4516 dico,
1218 4448 1287 4521 quin
1302 4446 1423 4505 soluturi
1440 4447 1535 4504 hostia
1554 4453 1761 4522 postmortem
1776 4468 1834 4511 uon

970 4574 995 4640 D
1011 4540 1219 4616 indigebimus,
1232 4539 1255 4595 si
1268 4542 1334 4595 unte
1346 4542 1470 4594 mortem
1490 4537 1548 4594 Deo
1564 4537 1661 4596 hostis
1675 4539 1733 4612 ipsi
1748 4540 1837 4599 theri·

129 4643 196 4701 Car.
215 4638 274 4700 Lll.
293 4670 322 4679 ·-
334 4637 499 4712 boomdttm
521 4646 606 4695 recolo
621 4639 669 4712 qui
686 4646 747 4711 post
765 4638 845 4710 lonoo
867 4639 954 4694 otonis
1010 4649 1105 4705 mus„

164 4713 328 4771 discrimina
353 4712 491 4768 bominici
518 4713 617 4766 uirtute
647 4714 812 4767 nomomenti
839 4717 952 4768 mortem

162 4787 257 4845 euasit.

163 4874 221 4950 (lb)
240 4871 353 4947 Agatha
380 4872 501 4939 etenim,
532 4871 757 4928 l’anormitauus
785 4870 951 4943 episeopus,

127 4965 205 5025 sicut
225 4961 326 5020 lidelss
351 4962 423 5020 mihi
448 4960 634 5035 religiosique
657 4960 710 5016 viri
740 4958 825 5015 multi
854 4959 953 5017 testati

128 5058 208 5124 sunt,
224 5059 279 5112 etc.

164 5144 228 5203 hac
242 5141 367 5215 exempli
383 5142 478 5215 grstia
493 5141 571 5198 dicta
585 5136 663 5207 suut,
678 5146 711 5196 ut
725 5140 822 5196 cuncti
838 5138 950 5211 liquido

126 5237 315 5310 cognoscent,
328 5230 399 5305 quia
416 5231 440 5287 si
462 5230 634 5288 insolubiles
650 5229 741 5302 culpe
757 5246 814 5285 non
831 5228 949 5295 luerint,

1007 4734 1074 4789 Cir.
1087 4729 1157 4787 LIV.
1169 4759 1203 4769 -
1215 4728 1272 4797 Qua
1286 4725 1445 4798 disciplina,
1469 4742 1522 4799 quo
1545 4725 1676 4784 modestis
1698 4726 1836 4785 orandun

1043 4805 1089 4872 sit,
1105 4818 1166 4857 cum
1181 4797 1303 4856 siccardus
1327 4798 1472 4869 elucident,
1488 4805 1515 4855 ct
1535 4800 1723 4873 unusquisque
1738 4802 1770 4857 tn
1782 4815 1836 4857 suo

1043 4874 1138 4931 ordino
1152 4872 1247 4928 borant
1259 4884 1342 4926 socrat
1355 4871 1556 4926 corumuaioais
1570 4877 1715 4944 exspectnt.

1044 4948 1835 5027 Postquaminsuperioribusdesacramentollomiuici

1007 5038 1835 5116 corporisetsanguinisplurajnmdisimusconsequens

1007 5139 1060 5200 est,
1073 5136 1104 5188 ut
1116 5148 1174 5204 qua
1189 5129 1358 5196 reverentia,
1371 5144 1464 5201 quove
1480 5144 1570 5196 more,
1583 5132 1727 5200 quantove
1744 5127 1834 5185 disci·

1006 5221 1096 5295 plina,
1109 5236 1176 5275 cunr
1193 5218 1329 5275 sacerdos
1347 5234 1461 5274 sueram
1486 5216 1619 5274 immolat
1633 5217 1776 5286 hostiam,
1793 5216 1835 5273 di·

127 5325 165 5383 ud
179 5322 393 5382 absolutionem
417 5319 555 5392 prodesse
577 5320 667 5378 etium
692 5320 817 5377 mortuis
831 5317 951 5374 victime
1004 5310 1081 5367 vinis
1092 5325 1144 5365 nos
1155 5310 1286 5381 oporteat
1296 5306 1436 5364 interesse
1448 5305 1607 5380 mysteriis,
1618 5310 1648 5362 et
1664 5306 1833 5381 percipien-

126 5428 214 5471 sacre
230 5408 390 5470 oblationis
405 5407 508 5482 possit.

161 5538 199 5613 (8)
211 5536 285 5594 vido
300 5537 330 5595 S.
347 5536 433 5610 Greg.
449 5532 563 5607 Dialog.
580 5532 631 5590 lih.
648 5551 674 5589 iv
691 5535 721 5590 in
737 5534 787 5590 lin.

161 5627 198 5703 (9)
210 5624 283 5687 Vide
298 5624 328 5689 8.
344 5623 518 5703 ungarium
533 5622 584 5685 ubi
599 5639 699 5699 supra.

1006 5401 1048 5455 da
1060 5401 1249 5456 sacrosancte
1266 5395 1448 5453 eucharistia
1463 5394 1566 5453 boram
1582 5394 1740 5462 sustinere,
1754 5393 1833 5453 sicut

1040 5527 1097 5600 (10)
1112 5523 1184 5583 Vide
1200 5523 1272 5580 ibid.
