<?xml version="1.0" encoding="UTF-8"?>
<!DOCTYPE html PUBLIC "-//W3C//DTD XHTML 1.0 Transitional//EN"
    "http://www.w3.org/TR/xhtml1/DTD/xhtml1-transitional.dtd">
<html xmlns="http://www.w3.org/1999/xhtml" xml:lang="en" lang="en">
 <head>
  <title>
</title>
<meta http-equiv="Content-Type" content="text/html;charset=utf-8" />
  <meta name='ocr-system' content='tesseract 3.04.00' />
  <meta name='ocr-capabilities' content='ocr_page ocr_carea ocr_par ocr_line ocrx_word'/>
</head>
<body>
  <div class='ocr_page' id='page_1' title='image "./patrologiaecurs49unkngoog_0538.png"; bbox 0 0 3900 6090; ppageno 0'>
   <div class='ocr_carea' id='block_1_1' title="bbox 119 281 199 343">
    <p class='ocr_par' dir='ltr' id='par_1_1' title="bbox 119 281 199 343">
     <span class='ocr_line' id='line_1_1' title="bbox 119 281 199 343; baseline -0.038 0"><span class='ocrx_word' id='word_1_1' title='bbox 119 281 199 343; x_wconf 74' lang='lat' dir='ltr'><strong>lobi</strong></span> 
     </span>
    </p>
   </div>
   <div class='ocr_carea' id='block_1_2' title="bbox 119 501 943 1275">
    <p class='ocr_par' dir='ltr' id='par_1_2' title="bbox 119 501 943 1275">
     <span class='ocr_line' id='line_1_2' title="bbox 121 501 705 577; baseline 0.003 -17"><span class='ocrx_word' id='word_1_2' title='bbox 121 501 206 560; x_wconf 82' lang='lat' dir='ltr'><strong>latori</strong></span> <span class='ocrx_word' id='word_1_3' title='bbox 224 519 272 560; x_wconf 90' lang='lat' dir='ltr'><strong>me</strong></span> <span class='ocrx_word' id='word_1_4' title='bbox 286 520 346 560; x_wconf 89' lang='lat' dir='ltr'><strong>non</strong></span> <span class='ocrx_word' id='word_1_5' title='bbox 361 518 447 577; x_wconf 83' lang='lat' dir='ltr'><strong>posse</strong></span> <span class='ocrx_word' id='word_1_6' title='bbox 461 501 614 577; x_wconf 84' lang='lat' dir='ltr'><strong>suppliciis</strong></span> <span class='ocrx_word' id='word_1_7' title='bbox 629 504 705 563; x_wconf 80' lang='lat' dir='ltr'><strong>lodi.</strong></span> 
     </span>
     <span class='ocr_line' id='line_1_3' title="bbox 458 608 613 652; baseline 0 -2"><span class='ocrx_word' id='word_1_8' title='bbox 458 608 613 652; x_wconf 75' lang='lat' dir='ltr'><strong>annianus.</strong></span> 
     </span>
     <span class='ocr_line' id='line_1_4' title="bbox 155 681 821 757; baseline 0.005 -20"><span class='ocrx_word' id='word_1_9' title='bbox 155 681 307 752; x_wconf 78' lang='lat' dir='ltr'><strong>Antiocho,</strong></span> <span class='ocrx_word' id='word_1_10' title='bbox 325 683 395 754; x_wconf 88' lang='lat' dir='ltr'><strong>quid</strong></span> <span class='ocrx_word' id='word_1_11' title='bbox 412 684 491 740; x_wconf 88' lang='lat' dir='ltr'><strong>enim</strong></span> <span class='ocrx_word' id='word_1_12' title='bbox 506 683 578 740; x_wconf 91' lang='lat' dir='ltr'><strong>mihi</strong></span> <span class='ocrx_word' id='word_1_13' title='bbox 593 689 637 743; x_wconf 91' lang='lat' dir='ltr'><strong>ost</strong></span> <span class='ocrx_word' id='word_1_14' title='bbox 652 685 821 757; x_wconf 77' lang='lat' dir='ltr'><strong>agendam?</strong></span> 
     </span>
     <span class='ocr_line' id='line_1_5' title="bbox 448 789 619 831; baseline -0.018 0"><span class='ocrx_word' id='word_1_15' title='bbox 448 789 619 831; x_wconf 79' lang='lat' dir='ltr'><strong>auriocaus.</strong></span> 
     </span>
     <span class='ocr_line' id='line_1_6' title="bbox 156 861 696 920; baseline -0.002 -1"><span class='ocrx_word' id='word_1_16' title='bbox 156 861 244 919; x_wconf 82' lang='lat' dir='ltr'><strong>Novis</strong></span> <span class='ocrx_word' id='word_1_17' title='bbox 259 861 439 920; x_wconf 88' lang='lat' dir='ltr'><strong>eruciatibus</strong></span> <span class='ocrx_word' id='word_1_18' title='bbox 454 862 696 920; x_wconf 85' lang='lat' dir='ltr'><strong>incumbendum.</strong></span> 
     </span>
     <span class='ocr_line' id='line_1_7' title="bbox 456 968 611 1009; baseline -0.013 0"><span class='ocrx_word' id='word_1_19' title='bbox 456 968 611 1009; x_wconf 66' lang='lat' dir='ltr'><strong>asarinus.</strong></span> 
     </span>
     <span class='ocr_line' id='line_1_8' title="bbox 156 1040 943 1116; baseline 0.003 -19"><span class='ocrx_word' id='word_1_20' title='bbox 156 1040 279 1097; x_wconf 54' lang='lat' dir='ltr'><strong>haum</strong></span> <span class='ocrx_word' id='word_1_21' title='bbox 287 1056 338 1096; x_wconf 80' lang='lat' dir='ltr'><strong>vas</strong></span> <span class='ocrx_word' id='word_1_22' title='bbox 349 1040 468 1113; x_wconf 85' lang='lat' dir='ltr'><strong>plenum</strong></span> <span class='ocrx_word' id='word_1_23' title='bbox 479 1040 543 1097; x_wconf 90' lang='lat' dir='ltr'><strong>oleo</strong></span> <span class='ocrx_word' id='word_1_24' title='bbox 553 1046 583 1097; x_wconf 94' lang='lat' dir='ltr'><strong>ot</strong></span> <span class='ocrx_word' id='word_1_25' title='bbox 593 1040 688 1114; x_wconf 88' lang='lat' dir='ltr'><strong>adipe,</strong></span> <span class='ocrx_word' id='word_1_26' title='bbox 696 1057 762 1097; x_wconf 89' lang='lat' dir='ltr'><strong>cera</strong></span> <span class='ocrx_word' id='word_1_27' title='bbox 771 1046 859 1115; x_wconf 88' lang='lat' dir='ltr'><strong>atquc</strong></span> <span class='ocrx_word' id='word_1_28' title='bbox 869 1043 943 1116; x_wconf 88' lang='lat' dir='ltr'><strong>pice,</strong></span> 
     </span>
     <span class='ocr_line' id='line_1_9' title="bbox 119 1127 926 1203; baseline 0.005 -19"><span class='ocrx_word' id='word_1_29' title='bbox 119 1127 240 1203; x_wconf 81' lang='lat' dir='ltr'>ignibus</span> <span class='ocrx_word' id='word_1_30' title='bbox 255 1133 483 1202; x_wconf 66' lang='lat' dir='ltr'><strong>superponatur,</strong></span> <span class='ocrx_word' id='word_1_31' title='bbox 498 1131 529 1185; x_wconf 92' lang='lat' dir='ltr'><strong>in</strong></span> <span class='ocrx_word' id='word_1_32' title='bbox 545 1129 623 1201; x_wconf 89' lang='lat' dir='ltr'><strong>quod</strong></span> <span class='ocrx_word' id='word_1_33' title='bbox 639 1128 730 1202; x_wconf 83' lang='lat' dir='ltr'><strong>ligata</strong></span> <span class='ocrx_word' id='word_1_34' title='bbox 744 1131 926 1203; x_wconf 79' lang='lat' dir='ltr'><strong>projiciatur.</strong></span> 
     </span>
     <span class='ocr_line' id='line_1_10' title="bbox 447 1234 619 1275; baseline -0.006 -1"><span class='ocrx_word' id='word_1_35' title='bbox 447 1234 619 1275; x_wconf 73' lang='lat' dir='ltr'><strong>anriocuus.</strong></span> 
     </span>
    </p>
   </div>
   <div class='ocr_carea' id='block_1_3' title="bbox 157 1305 946 1379">
    <p class='ocr_par' dir='ltr' id='par_1_3' title="bbox 157 1305 946 1379">
     <span class='ocr_line' id='line_1_11' title="bbox 157 1305 946 1379; baseline 0.005 -16"><span class='ocrx_word' id='word_1_36' title='bbox 157 1307 186 1363; x_wconf 88' lang='lat' dir='ltr'><strong>Si</strong></span> <span class='ocrx_word' id='word_1_37' title='bbox 201 1306 232 1362; x_wconf 91' lang='lat' dir='ltr'><strong>in</strong></span> <span class='ocrx_word' id='word_1_38' title='bbox 242 1307 294 1379; x_wconf 85' lang='lat' dir='ltr'><strong>jus</strong></span> <span class='ocrx_word' id='word_1_39' title='bbox 309 1305 431 1363; x_wconf 78' lang='lat' dir='ltr'><strong>Vulcani</strong></span> <span class='ocrx_word' id='word_1_40' title='bbox 448 1307 590 1376; x_wconf 84' lang='lat' dir='ltr'><strong>tradatur,</strong></span> <span class='ocrx_word' id='word_1_41' title='bbox 603 1305 726 1365; x_wconf 80' lang='lat' dir='ltr'><strong>forsitan</strong></span> <span class='ocrx_word' id='word_1_42' title='bbox 741 1308 881 1366; x_wconf 86' lang='lat' dir='ltr'><strong>evadendi</strong></span> <span class='ocrx_word' id='word_1_43' title='bbox 899 1311 946 1367; x_wconf 89' lang='lat' dir='ltr'><strong>ad-</strong></span> 
     </span>
    </p>
   </div>
   <div class='ocr_carea' id='block_1_4' title="bbox 117 1394 946 4494">
    <p class='ocr_par' dir='ltr' id='par_1_4' title="bbox 119 1394 570 1543">
     <span class='ocr_line' id='line_1_12' title="bbox 119 1394 481 1455; baseline -0.006 -2"><span class='ocrx_word' id='word_1_44' title='bbox 119 1394 195 1455; x_wconf 90' lang='lat' dir='ltr'><strong>itum</strong></span> <span class='ocrx_word' id='word_1_45' title='bbox 211 1412 269 1454; x_wconf 92' lang='lat' dir='ltr'><strong>non</strong></span> <span class='ocrx_word' id='word_1_46' title='bbox 285 1395 481 1455; x_wconf 88' lang='lat' dir='ltr'><strong>nanciscetur.</strong></span> 
     </span>
     <span class='ocr_line' id='line_1_13' title="bbox 494 1502 570 1543; baseline 0.026 -2"><span class='ocrx_word' id='word_1_47' title='bbox 494 1502 570 1543; x_wconf 79' lang='lat' dir='ltr'><strong>crus.</strong></span> 
     </span>
    </p>

    <p class='ocr_par' dir='ltr' id='par_1_5' title="bbox 119 1572 944 1725">
     <span class='ocr_line' id='line_1_14' title="bbox 156 1572 944 1650; baseline 0.005 -19"><span class='ocrx_word' id='word_1_48' title='bbox 156 1573 222 1631; x_wconf 77' lang='lat' dir='ltr'><strong>llac</strong></span> <span class='ocrx_word' id='word_1_49' title='bbox 242 1573 335 1630; x_wconf 86' lang='lat' dir='ltr'><strong>virtus</strong></span> <span class='ocrx_word' id='word_1_50' title='bbox 359 1572 475 1631; x_wconf 83' lang='lat' dir='ltr'><strong>Christo</strong></span> <span class='ocrx_word' id='word_1_51' title='bbox 500 1591 558 1630; x_wconf 90' lang='lat' dir='ltr'><strong>nou</strong></span> <span class='ocrx_word' id='word_1_52' title='bbox 583 1579 627 1631; x_wconf 87' lang='lat' dir='ltr'><strong>est</strong></span> <span class='ocrx_word' id='word_1_53' title='bbox 646 1573 824 1645; x_wconf 67' lang='lat' dir='ltr'><strong>incolitant</strong></span> <span class='ocrx_word' id='word_1_54' title='bbox 846 1577 944 1650; x_wconf 81' lang='lat' dir='ltr'><strong>ignem</strong></span> 
     </span>
     <span class='ocr_line' id='line_1_15' title="bbox 119 1662 635 1725; baseline -0.012 0"><span class='ocrx_word' id='word_1_55' title='bbox 119 1663 209 1725; x_wconf 77' lang='lat' dir='ltr'><strong>acio</strong></span> <span class='ocrx_word' id='word_1_56' title='bbox 222 1662 376 1723; x_wconf 78' lang='lat' dir='ltr'><strong>mitescere</strong></span> <span class='ocrx_word' id='word_1_57' title='bbox 391 1667 505 1722; x_wconf 85' lang='lat' dir='ltr'><strong>mutata</strong></span> <span class='ocrx_word' id='word_1_58' title='bbox 519 1667 635 1721; x_wconf 89' lang='lat' dir='ltr'><strong>natura.</strong></span> 
     </span>
    </p>

    <p class='ocr_par' dir='ltr' id='par_1_6' title="bbox 459 1769 611 1813">
     <span class='ocr_line' id='line_1_16' title="bbox 459 1769 611 1813; baseline -0.033 0"><span class='ocrx_word' id='word_1_59' title='bbox 459 1769 611 1813; x_wconf 67' lang='lat' dir='ltr'><strong>insuaue.</strong></span> 
     </span>
    </p>

    <p class='ocr_par' dir='ltr' id='par_1_7' title="bbox 121 1841 944 2009">
     <span class='ocr_line' id='line_1_17' title="bbox 155 1841 944 1913; baseline 0.003 -12"><span class='ocrx_word' id='word_1_60' title='bbox 155 1841 252 1910; x_wconf 77' lang='lat' dir='ltr'><strong>Ouidi</strong></span> <span class='ocrx_word' id='word_1_61' title='bbox 261 1843 367 1913; x_wconf 81' lang='lat' dir='ltr'><strong>Audio,</strong></span> <span class='ocrx_word' id='word_1_62' title='bbox 377 1842 528 1912; x_wconf 78' lang='lat' dir='ltr'><strong>Antiocho,</strong></span> <span class='ocrx_word' id='word_1_63' title='bbox 540 1842 619 1901; x_wconf 83' lang='lat' dir='ltr'><strong>velat</strong></span> <span class='ocrx_word' id='word_1_64' title='bbox 630 1842 759 1901; x_wconf 88' lang='lat' dir='ltr'><strong>sonitum</strong></span> <span class='ocrx_word' id='word_1_65' title='bbox 770 1844 944 1903; x_wconf 86' lang='lat' dir='ltr'><strong>inundantis</strong></span> 
     </span>
     <span class='ocr_line' id='line_1_18' title="bbox 121 1949 215 2009; baseline -0.032 -16"><span class='ocrx_word' id='word_1_66' title='bbox 121 1949 215 2009; x_wconf 83' lang='lat' dir='ltr'><strong>aqua.</strong></span> 
     </span>
    </p>

    <p class='ocr_par' dir='ltr' id='par_1_8' title="bbox 445 2037 617 2081">
     <span class='ocr_line' id='line_1_19' title="bbox 445 2037 617 2081; baseline -0.017 0"><span class='ocrx_word' id='word_1_67' title='bbox 445 2037 617 2081; x_wconf 75' lang='lat' dir='ltr'><strong>amasenus,</strong></span> 
     </span>
    </p>

    <p class='ocr_par' dir='ltr' id='par_1_9' title="bbox 156 2110 465 2182">
     <span class='ocr_line' id='line_1_20' title="bbox 156 2110 465 2182; baseline 0 -14"><span class='ocrx_word' id='word_1_68' title='bbox 156 2110 229 2182; x_wconf 79' lang='lat' dir='ltr'><strong>Heu,</strong></span> <span class='ocrx_word' id='word_1_69' title='bbox 245 2111 314 2181; x_wconf 87' lang='lat' dir='ltr'><strong>beu,</strong></span> <span class='ocrx_word' id='word_1_70' title='bbox 332 2110 465 2169; x_wconf 86' lang='lat' dir='ltr'><strong>dominat</strong></span> 
     </span>
    </p>

    <p class='ocr_par' dir='ltr' id='par_1_10' title="bbox 455 2217 609 2259">
     <span class='ocr_line' id='line_1_21' title="bbox 455 2217 609 2259; baseline -0.006 -2"><span class='ocrx_word' id='word_1_71' title='bbox 455 2217 609 2259; x_wconf 79' lang='lat' dir='ltr'><strong>sorranus.</strong></span> 
     </span>
    </p>

    <p class='ocr_par' dir='ltr' id='par_1_11' title="bbox 157 2288 490 2365">
     <span class='ocr_line' id='line_1_22' title="bbox 157 2288 490 2365; baseline -0.006 -16"><span class='ocrx_word' id='word_1_72' title='bbox 157 2288 232 2360; x_wconf 83' lang='lat' dir='ltr'><strong>Quid</strong></span> <span class='ocrx_word' id='word_1_73' title='bbox 247 2290 369 2365; x_wconf 81' lang='lat' dir='ltr'><strong>contigit</strong></span> <span class='ocrx_word' id='word_1_74' title='bbox 383 2290 490 2349; x_wconf 77' lang='lat' dir='ltr'><strong>nobis?</strong></span> 
     </span>
    </p>

    <p class='ocr_par' dir='ltr' id='par_1_12' title="bbox 445 2396 616 2437">
     <span class='ocr_line' id='line_1_23' title="bbox 445 2396 616 2437; baseline 0 -1"><span class='ocrx_word' id='word_1_75' title='bbox 445 2396 616 2437; x_wconf 72' lang='lat' dir='ltr'><strong>saracenus.</strong></span> 
     </span>
    </p>

    <p class='ocr_par' dir='ltr' id='par_1_13' title="bbox 123 2467 944 2633">
     <span class='ocr_line' id='line_1_24' title="bbox 155 2467 944 2528; baseline 0.001 -2"><span class='ocrx_word' id='word_1_76' title='bbox 155 2467 306 2527; x_wconf 74' lang='lat' dir='ltr'><strong>tibulliens</strong></span> <span class='ocrx_word' id='word_1_77' title='bbox 321 2469 577 2528; x_wconf 85' lang='lat' dir='ltr'><strong>larvoroont&#39;raeto</strong></span> <span class='ocrx_word' id='word_1_78' title='bbox 601 2487 668 2527; x_wconf 84' lang='lat' dir='ltr'><strong>vasa</strong></span> <span class='ocrx_word' id='word_1_79' title='bbox 690 2468 841 2528; x_wconf 89' lang='lat' dir='ltr'><strong>ministros</strong></span> <span class='ocrx_word' id='word_1_80' title='bbox 865 2488 944 2527; x_wconf 85' lang='lat' dir='ltr'><strong>corn·</strong></span> 
     </span>
     <span class='ocr_line' id='line_1_25' title="bbox 123 2558 778 2633; baseline -0.002 -17"><span class='ocrx_word' id='word_1_81' title='bbox 123 2559 232 2630; x_wconf 89' lang='lat' dir='ltr'><strong>bassit,</strong></span> <span class='ocrx_word' id='word_1_82' title='bbox 247 2564 276 2616; x_wconf 83' lang='lat' dir='ltr'><strong>et</strong></span> <span class='ocrx_word' id='word_1_83' title='bbox 290 2558 341 2617; x_wconf 88' lang='lat' dir='ltr'><strong>ilia</strong></span> <span class='ocrx_word' id='word_1_84' title='bbox 359 2558 493 2616; x_wconf 86' lang='lat' dir='ltr'><strong>malefica</strong></span> <span class='ocrx_word' id='word_1_85' title='bbox 507 2559 591 2617; x_wconf 87' lang='lat' dir='ltr'><strong>illesa</strong></span> <span class='ocrx_word' id='word_1_86' title='bbox 605 2559 778 2633; x_wconf 81' lang='lat' dir='ltr'><strong>comparuit.</strong></span> 
     </span>
    </p>

    <p class='ocr_par' dir='ltr' id='par_1_14' title="bbox 455 2665 609 2706">
     <span class='ocr_line' id='line_1_26' title="bbox 455 2665 609 2706; baseline -0.006 0"><span class='ocrx_word' id='word_1_87' title='bbox 455 2665 609 2706; x_wconf 73' lang='lat' dir='ltr'><strong>sannaus.</strong></span> 
     </span>
    </p>

    <p class='ocr_par' dir='ltr' id='par_1_15' title="bbox 157 2738 481 2808">
     <span class='ocr_line' id='line_1_27' title="bbox 157 2738 481 2808; baseline 0 -13"><span class='ocrx_word' id='word_1_88' title='bbox 157 2739 269 2808; x_wconf 84' lang='lat' dir='ltr'><strong>Fateor,</strong></span> <span class='ocrx_word' id='word_1_89' title='bbox 283 2738 352 2795; x_wconf 85' lang='lat' dir='ltr'><strong>vieti</strong></span> <span class='ocrx_word' id='word_1_90' title='bbox 366 2754 481 2796; x_wconf 87' lang='lat' dir='ltr'><strong>sumus.</strong></span> 
     </span>
    </p>

    <p class='ocr_par' dir='ltr' id='par_1_16' title="bbox 155 2844 649 3420">
     <span class='ocr_line' id='line_1_28' title="bbox 448 2844 617 2885; baseline -0.012 -1"><span class='ocrx_word' id='word_1_91' title='bbox 448 2844 617 2885; x_wconf 75' lang='lat' dir='ltr'><strong>saracenus.</strong></span> 
     </span>
     <span class='ocr_line' id='line_1_29' title="bbox 156 2916 287 2973; baseline 0 -1"><span class='ocrx_word' id='word_1_92' title='bbox 156 2916 287 2973; x_wconf 73' lang='lat' dir='ltr'><strong>penitus.</strong></span> 
     </span>
     <span class='ocr_line' id='line_1_30' title="bbox 458 3022 610 3062; baseline 0 0"><span class='ocrx_word' id='word_1_93' title='bbox 458 3022 610 3062; x_wconf 68' lang='lat' dir='ltr'><strong>ansanus.</strong></span> 
     </span>
     <span class='ocr_line' id='line_1_31' title="bbox 155 3094 444 3168; baseline -0.003 -15"><span class='ocrx_word' id='word_1_94' title='bbox 155 3096 250 3168; x_wconf 79' lang='lat' dir='ltr'><strong>Caput</strong></span> <span class='ocrx_word' id='word_1_95' title='bbox 264 3094 444 3153; x_wconf 80' lang='lat' dir='ltr'><strong>abscidatur.</strong></span> 
     </span>
     <span class='ocr_line' id='line_1_32' title="bbox 448 3201 649 3241; baseline 0.005 -1"><span class='ocrx_word' id='word_1_96' title='bbox 448 3201 618 3241; x_wconf 62' lang='lat' dir='ltr'><strong>laricanus.</strong></span> <span class='ocrx_word' id='word_1_97' title='bbox 645 3225 649 3233; x_wconf 60' lang='lat'><strong>.</strong></span> 
     </span>
     <span class='ocr_line' id='line_1_33' title="bbox 155 3272 508 3331; baseline 0 -1"><span class='ocrx_word' id='word_1_98' title='bbox 155 3272 236 3330; x_wconf 81' lang='lat' dir='ltr'><strong>Alias</strong></span> <span class='ocrx_word' id='word_1_99' title='bbox 251 3289 309 3331; x_wconf 92' lang='lat' dir='ltr'><strong>non</strong></span> <span class='ocrx_word' id='word_1_100' title='bbox 325 3273 508 3330; x_wconf 86' lang='lat' dir='ltr'><strong>absumetur.</strong></span> 
     </span>
     <span class='ocr_line' id='line_1_34' title="bbox 494 3379 573 3420; baseline -0.013 -1"><span class='ocrx_word' id='word_1_101' title='bbox 494 3379 573 3420; x_wconf 80' lang='lat' dir='ltr'><strong>scas.</strong></span> 
     </span>
    </p>

    <p class='ocr_par' dir='ltr' id='par_1_17' title="bbox 118 3452 945 3779">
     <span class='ocr_line' id='line_1_35' title="bbox 157 3452 945 3522; baseline 0.006 -12"><span class='ocrx_word' id='word_1_102' title='bbox 157 3452 330 3510; x_wconf 86' lang='lat' dir='ltr'><strong>OCbarites</strong></span> <span class='ocrx_word' id='word_1_103' title='bbox 350 3452 467 3522; x_wconf 89' lang='lat' dir='ltr'><strong>dilecta,</strong></span> <span class='ocrx_word' id='word_1_104' title='bbox 484 3470 501 3509; x_wconf 96' lang='lat' dir='ltr'><strong>o</strong></span> <span class='ocrx_word' id='word_1_105' title='bbox 516 3470 599 3510; x_wconf 93' lang='lat' dir='ltr'><strong>soror</strong></span> <span class='ocrx_word' id='word_1_106' title='bbox 623 3454 726 3511; x_wconf 82' lang='lat' dir='ltr'><strong>unica!</strong></span> <span class='ocrx_word' id='word_1_107' title='bbox 743 3455 784 3511; x_wconf 91' lang='lat' dir='ltr'><strong>Ne</strong></span> <span class='ocrx_word' id='word_1_108' title='bbox 805 3457 945 3515; x_wconf 80' lang='lat' dir='ltr'><strong>formides</strong></span> 
     </span>
     <span class='ocr_line' id='line_1_36' title="bbox 118 3542 944 3616; baseline 0.007 -19"><span class='ocrx_word' id='word_1_109' title='bbox 118 3542 237 3616; x_wconf 57' lang='lat' dir='ltr'><strong>manni</strong></span> <span class='ocrx_word' id='word_1_110' title='bbox 253 3542 359 3611; x_wconf 87' lang='lat' dir='ltr'><strong>minas,</strong></span> <span class='ocrx_word' id='word_1_111' title='bbox 372 3558 410 3599; x_wconf 88' lang='lat' dir='ltr'><strong>ne</strong></span> <span class='ocrx_word' id='word_1_112' title='bbox 424 3543 553 3616; x_wconf 87' lang='lat' dir='ltr'><strong>trepides</strong></span> <span class='ocrx_word' id='word_1_113' title='bbox 572 3543 609 3599; x_wconf 89' lang='lat' dir='ltr'><strong>ad</strong></span> <span class='ocrx_word' id='word_1_114' title='bbox 634 3560 746 3616; x_wconf 84' lang='lat' dir='ltr'><strong>poenas,</strong></span> <span class='ocrx_word' id='word_1_115' title='bbox 759 3545 853 3602; x_wconf 87' lang='lat' dir='ltr'><strong>nitere</strong></span> <span class='ocrx_word' id='word_1_116' title='bbox 876 3563 944 3603; x_wconf 90' lang='lat' dir='ltr'><strong>eon·</strong></span> 
     </span>
     <span class='ocr_line' id='line_1_37' title="bbox 118 3631 945 3708; baseline 0.002 -18"><span class='ocrx_word' id='word_1_117' title='bbox 118 3631 212 3690; x_wconf 85' lang='lat' dir='ltr'><strong>stanti</strong></span> <span class='ocrx_word' id='word_1_118' title='bbox 227 3632 285 3689; x_wconf 83' lang='lat' dir='ltr'><strong>ilde</strong></span> <span class='ocrx_word' id='word_1_119' title='bbox 300 3632 408 3689; x_wconf 89' lang='lat' dir='ltr'><strong>imitari</strong></span> <span class='ocrx_word' id='word_1_120' title='bbox 425 3648 539 3690; x_wconf 88' lang='lat' dir='ltr'><strong>sorores</strong></span> <span class='ocrx_word' id='word_1_121' title='bbox 554 3632 591 3688; x_wconf 90' lang='lat' dir='ltr'><strong>ad</strong></span> <span class='ocrx_word' id='word_1_122' title='bbox 603 3631 668 3689; x_wconf 88' lang='lat' dir='ltr'><strong>coeli</strong></span> <span class='ocrx_word' id='word_1_123' title='bbox 684 3631 827 3705; x_wconf 90' lang='lat' dir='ltr'><strong>palatium</strong></span> <span class='ocrx_word' id='word_1_124' title='bbox 842 3651 945 3708; x_wconf 82' lang='lat' dir='ltr'><strong>prace-</strong></span> 
     </span>
     <span class='ocr_line' id='line_1_38' title="bbox 118 3721 234 3779; baseline -0.009 0"><span class='ocrx_word' id='word_1_125' title='bbox 118 3721 234 3779; x_wconf 86' lang='lat' dir='ltr'><strong>dentes.</strong></span> 
     </span>
    </p>

    <p class='ocr_par' dir='ltr' id='par_1_18' title="bbox 459 3825 605 3866">
     <span class='ocr_line' id='line_1_39' title="bbox 459 3825 605 3866; baseline 0 0"><span class='ocrx_word' id='word_1_126' title='bbox 459 3825 605 3866; x_wconf 76' lang='lat' dir='ltr'><strong>annutans.</strong></span> 
     </span>
    </p>

    <p class='ocr_par' dir='ltr' id='par_1_19' title="bbox 117 3899 946 4145">
     <span class='ocr_line' id='line_1_40' title="bbox 156 3899 944 3972; baseline 0.006 -16"><span class='ocrx_word' id='word_1_127' title='bbox 156 3899 255 3957; x_wconf 80' lang='lat' dir='ltr'><strong>&#39;Padot</strong></span> <span class='ocrx_word' id='word_1_128' title='bbox 271 3915 318 3956; x_wconf 91' lang='lat' dir='ltr'><strong>ms</strong></span> <span class='ocrx_word' id='word_1_129' title='bbox 331 3900 395 3956; x_wconf 79' lang='lat' dir='ltr'><strong>vita</strong></span> <span class='ocrx_word' id='word_1_130' title='bbox 411 3899 573 3972; x_wconf 79' lang='lat' dir='ltr'><strong>prosectis,</strong></span> <span class='ocrx_word' id='word_1_131' title='bbox 590 3899 677 3957; x_wconf 80' lang='lat' dir='ltr'><strong>tadet</strong></span> <span class='ocrx_word' id='word_1_132' title='bbox 692 3904 813 3958; x_wconf 75' lang='lat' dir='ltr'><strong>terrens</strong></span> <span class='ocrx_word' id='word_1_133' title='bbox 829 3901 944 3961; x_wconf 86' lang='lat' dir='ltr'><strong>babita-</strong></span> 
     </span>
     <span class='ocr_line' id='line_1_41' title="bbox 118 3989 946 4067; baseline 0.005 -19"><span class='ocrx_word' id='word_1_134' title='bbox 118 3989 220 4059; x_wconf 85' lang='lat' dir='ltr'><strong>tiouis,</strong></span> <span class='ocrx_word' id='word_1_135' title='bbox 237 3989 314 4062; x_wconf 91' lang='lat' dir='ltr'><strong>quod</strong></span> <span class='ocrx_word' id='word_1_136' title='bbox 329 3989 429 4047; x_wconf 88' lang='lat' dir='ltr'><strong>sattim</strong></span> <span class='ocrx_word' id='word_1_137' title='bbox 444 3990 481 4047; x_wconf 89' lang='lat' dir='ltr'><strong>ad</strong></span> <span class='ocrx_word' id='word_1_138' title='bbox 495 3989 645 4046; x_wconf 84' lang='lat' dir='ltr'><strong>modicam</strong></span> <span class='ocrx_word' id='word_1_139' title='bbox 661 3991 802 4064; x_wconf 89' lang='lat' dir='ltr'><strong>temporis</strong></span> <span class='ocrx_word' id='word_1_140' title='bbox 826 4009 946 4067; x_wconf 87' lang='lat' dir='ltr'><strong>separor</strong></span> 
     </span>
     <span class='ocr_line' id='line_1_42' title="bbox 117 4078 245 4145; baseline -0.086 0"><span class='ocrx_word' id='word_1_141' title='bbox 117 4078 245 4145; x_wconf 75' lang='lat' dir='ltr'><strong>amba.</strong></span> 
     </span>
    </p>

    <p class='ocr_par' dir='ltr' id='par_1_20' title="bbox 493 4185 570 4224">
     <span class='ocr_line' id='line_1_43' title="bbox 493 4185 570 4224; baseline -0.013 0"><span class='ocrx_word' id='word_1_142' title='bbox 493 4185 570 4224; x_wconf 81' lang='lat' dir='ltr'><strong>scas.</strong></span> 
     </span>
    </p>

    <p class='ocr_par' dir='ltr' id='par_1_21' title="bbox 119 4257 944 4494">
     <span class='ocr_line' id='line_1_44' title="bbox 157 4257 944 4331; baseline 0.008 -17"><span class='ocrx_word' id='word_1_143' title='bbox 157 4257 274 4331; x_wconf 85' lang='lat' dir='ltr'><strong>Depone</strong></span> <span class='ocrx_word' id='word_1_144' title='bbox 288 4257 409 4313; x_wconf 66' lang='lat' dir='ltr'><strong>taedium</strong></span> <span class='ocrx_word' id='word_1_145' title='bbox 424 4262 453 4312; x_wconf 90' lang='lat' dir='ltr'><strong>et</strong></span> <span class='ocrx_word' id='word_1_146' title='bbox 467 4258 554 4315; x_wconf 87' lang='lat' dir='ltr'><strong>tonde</strong></span> <span class='ocrx_word' id='word_1_147' title='bbox 567 4257 603 4315; x_wconf 89' lang='lat' dir='ltr'><strong>ad</strong></span> <span class='ocrx_word' id='word_1_148' title='bbox 619 4260 854 4330; x_wconf 76' lang='lat' dir='ltr'><strong>premiumNon</strong></span> <span class='ocrx_word' id='word_1_149' title='bbox 865 4263 944 4320; x_wconf 90' lang='lat' dir='ltr'><strong>onim</strong></span> 
     </span>
     <span class='ocr_line' id='line_1_45' title="bbox 119 4345 944 4424; baseline 0.006 -22"><span class='ocrx_word' id='word_1_150' title='bbox 119 4346 173 4403; x_wconf 90' lang='lat' dir='ltr'><strong>diu</strong></span> <span class='ocrx_word' id='word_1_151' title='bbox 187 4345 401 4421; x_wconf 78' lang='lat' dir='ltr'><strong>separabimur,</strong></span> <span class='ocrx_word' id='word_1_152' title='bbox 417 4346 469 4405; x_wconf 87' lang='lat' dir='ltr'><strong>sod</strong></span> <span class='ocrx_word' id='word_1_153' title='bbox 485 4346 567 4403; x_wconf 85' lang='lat' dir='ltr'><strong>ocius</strong></span> <span class='ocrx_word' id='word_1_154' title='bbox 583 4346 613 4402; x_wconf 93' lang='lat' dir='ltr'><strong>in</strong></span> <span class='ocrx_word' id='word_1_155' title='bbox 627 4347 701 4407; x_wconf 81' lang='lat' dir='ltr'><strong>emto</strong></span> <span class='ocrx_word' id='word_1_156' title='bbox 720 4350 944 4424; x_wconf 82' lang='lat' dir='ltr'><strong>conjungamur.</strong></span> 
     </span>
     <span class='ocr_line' id='line_1_46' title="bbox 459 4451 609 4494; baseline -0.013 -1"><span class='ocrx_word' id='word_1_157' title='bbox 459 4451 609 4494; x_wconf 72' lang='lat' dir='ltr'><strong>cannariis.</strong></span> 
     </span>
    </p>
   </div>
   <div class='ocr_carea' id='block_1_5' title="bbox 156 4524 313 4596">
    <p class='ocr_par' dir='ltr' id='par_1_22' title="bbox 156 4524 313 4596">
     <span class='ocr_line' id='line_1_47' title="bbox 156 4524 313 4596; baseline -0.013 -12"><span class='ocrx_word' id='word_1_158' title='bbox 156 4525 230 4596; x_wconf 80' lang='lat' dir='ltr'><strong>Fiat,</strong></span> <span class='ocrx_word' id='word_1_159' title='bbox 245 4524 313 4582; x_wconf 83' lang='lat' dir='ltr'><strong>fleti</strong></span> 
     </span>
    </p>
   </div>
   <div class='ocr_carea' id='block_1_6' title="bbox 116 4630 944 5136">
    <p class='ocr_par' dir='ltr' id='par_1_23' title="bbox 116 4630 944 5136">
     <span class='ocr_line' id='line_1_48' title="bbox 493 4630 571 4671; baseline -0.026 0"><span class='ocrx_word' id='word_1_160' title='bbox 493 4630 571 4671; x_wconf 84' lang='lat' dir='ltr'><strong>srcs.</strong></span> 
     </span>
     <span class='ocr_line' id='line_1_49' title="bbox 154 4700 944 4779; baseline 0.004 -19"><span class='ocrx_word' id='word_1_161' title='bbox 154 4703 246 4776; x_wconf 81' lang='lat' dir='ltr'><strong>Euge,</strong></span> <span class='ocrx_word' id='word_1_162' title='bbox 262 4706 355 4758; x_wconf 89' lang='lat' dir='ltr'><strong>mater</strong></span> <span class='ocrx_word' id='word_1_163' title='bbox 369 4700 504 4772; x_wconf 86' lang='lat' dir='ltr'><strong>illustris,</strong></span> <span class='ocrx_word' id='word_1_164' title='bbox 513 4704 681 4776; x_wconf 61' lang='lat' dir='ltr'><strong>gundenes</strong></span> <span class='ocrx_word' id='word_1_165' title='bbox 696 4705 828 4779; x_wconf 85' lang='lat' dir='ltr'><strong>tangaris</strong></span> <span class='ocrx_word' id='word_1_166' title='bbox 839 4707 874 4764; x_wconf 93' lang='lat' dir='ltr'><strong>de</strong></span> <span class='ocrx_word' id='word_1_167' title='bbox 886 4708 944 4765; x_wconf 89' lang='lat' dir='ltr'><strong>moi</strong></span> 
     </span>
     <span class='ocr_line' id='line_1_50' title="bbox 116 4790 943 4870; baseline 0.006 -20"><span class='ocrx_word' id='word_1_168' title='bbox 116 4793 257 4868; x_wconf 83' lang='lat' dir='ltr'><strong>passione</strong></span> <span class='ocrx_word' id='word_1_169' title='bbox 272 4791 398 4847; x_wconf 87' lang='lat' dir='ltr'><strong>materni</strong></span> <span class='ocrx_word' id='word_1_170' title='bbox 413 4790 532 4847; x_wconf 80' lang='lat' dir='ltr'><strong>affectas</strong></span> <span class='ocrx_word' id='word_1_171' title='bbox 549 4790 664 4863; x_wconf 90' lang='lat' dir='ltr'><strong>doloro;</strong></span> <span class='ocrx_word' id='word_1_172' title='bbox 679 4793 731 4850; x_wconf 90' lang='lat' dir='ltr'><strong>scd</strong></span> <span class='ocrx_word' id='word_1_173' title='bbox 743 4795 847 4867; x_wconf 79' lang='lat' dir='ltr'><strong>prater</strong></span> <span class='ocrx_word' id='word_1_174' title='bbox 861 4813 943 4870; x_wconf 87' lang='lat' dir='ltr'><strong>spem</strong></span> 
     </span>
     <span class='ocr_line' id='line_1_51' title="bbox 117 4880 807 4954; baseline 0 -16"><span class='ocrx_word' id='word_1_175' title='bbox 117 4881 248 4950; x_wconf 84' lang='lat' dir='ltr'><strong>mmrori,</strong></span> <span class='ocrx_word' id='word_1_176' title='bbox 263 4897 331 4937; x_wconf 88' lang='lat' dir='ltr'><strong>cnm</strong></span> <span class='ocrx_word' id='word_1_177' title='bbox 347 4896 395 4938; x_wconf 90' lang='lat' dir='ltr'><strong>me</strong></span> <span class='ocrx_word' id='word_1_178' title='bbox 408 4880 509 4938; x_wconf 86' lang='lat' dir='ltr'><strong>videas</strong></span> <span class='ocrx_word' id='word_1_179' title='bbox 522 4898 573 4954; x_wconf 89' lang='lat' dir='ltr'><strong>pro</strong></span> <span class='ocrx_word' id='word_1_180' title='bbox 590 4881 706 4939; x_wconf 85' lang='lat' dir='ltr'><strong>Christo</strong></span> <span class='ocrx_word' id='word_1_181' title='bbox 722 4884 807 4941; x_wconf 91' lang='lat' dir='ltr'><strong>mori.</strong></span> 
     </span>
     <span class='ocr_line' id='line_1_52' title="bbox 453 4985 613 5027; baseline -0.006 -1"><span class='ocrx_word' id='word_1_182' title='bbox 453 4985 613 5027; x_wconf 70' lang='lat' dir='ltr'><strong>sirinnan.</strong></span> 
     </span>
     <span class='ocr_line' id='line_1_53' title="bbox 154 5059 944 5136; baseline 0.009 -21"><span class='ocrx_word' id='word_1_183' title='bbox 154 5060 239 5116; x_wconf 85' lang='lat' dir='ltr'><strong>Nunc</strong></span> <span class='ocrx_word' id='word_1_184' title='bbox 253 5059 374 5134; x_wconf 82' lang='lat' dir='ltr'><strong>quidem</strong></span> <span class='ocrx_word' id='word_1_185' title='bbox 389 5061 511 5133; x_wconf 82' lang='lat' dir='ltr'><strong>gaudeo,</strong></span> <span class='ocrx_word' id='word_1_186' title='bbox 527 5060 578 5117; x_wconf 91' lang='lat' dir='ltr'><strong>sed</strong></span> <span class='ocrx_word' id='word_1_187' title='bbox 594 5065 664 5117; x_wconf 89' lang='lat' dir='ltr'><strong>tune</strong></span> <span class='ocrx_word' id='word_1_188' title='bbox 679 5062 798 5119; x_wconf 90' lang='lat' dir='ltr'><strong>tandem</strong></span> <span class='ocrx_word' id='word_1_189' title='bbox 818 5064 944 5136; x_wconf 78' lang='lat' dir='ltr'><strong>perfecte</strong></span> 
     </span>
    </p>
   </div>
   <div class='ocr_carea' id='block_1_7' title="bbox 625 281 1317 349">
    <p class='ocr_par' dir='ltr' id='par_1_24' title="bbox 625 281 1317 349">
     <span class='ocr_line' id='line_1_54' title="bbox 625 281 1317 349; baseline 0.007 -7"><span class='ocrx_word' id='word_1_190' title='bbox 625 281 830 347; x_wconf 78' lang='lat' dir='ltr'>COMOEDIAE</span> <span class='ocrx_word' id='word_1_191' title='bbox 852 285 937 348; x_wconf 79' lang='lat' dir='ltr'><strong>SEX.</strong></span> <span class='ocrx_word' id='word_1_192' title='bbox 961 318 1000 328; x_wconf 91' lang='lat'>-</span> <span class='ocrx_word' id='word_1_193' title='bbox 1021 285 1073 349; x_wconf 84' lang='lat' dir='ltr'><strong>vl.</strong></span> <span class='ocrx_word' id='word_1_194' title='bbox 1097 286 1317 349; x_wconf 67' lang='lat' dir='ltr'><strong>sarianum.</strong></span> 
     </span>
    </p>
   </div>
   <div class='ocr_carea' id='block_1_8' title="bbox 119 412 987 493">
    <p class='ocr_par' dir='ltr' id='par_1_25' title="bbox 119 412 987 493">
     <span class='ocr_line' id='line_1_55' title="bbox 119 412 987 493; baseline 0.007 -23"><span class='ocrx_word' id='word_1_195' title='bbox 119 413 267 488; x_wconf 79' lang='lat' dir='ltr'><strong>grantiam</strong></span> <span class='ocrx_word' id='word_1_196' title='bbox 281 412 455 486; x_wconf 84' lang='lat' dir='ltr'><strong>paradisiaci</strong></span> <span class='ocrx_word' id='word_1_197' title='bbox 471 415 621 485; x_wconf 86' lang='lat' dir='ltr'><strong>aromatis,</strong></span> <span class='ocrx_word' id='word_1_198' title='bbox 638 433 696 489; x_wconf 90' lang='lat' dir='ltr'><strong>quo</strong></span> <span class='ocrx_word' id='word_1_199' title='bbox 711 418 813 476; x_wconf 87' lang='lat' dir='ltr'><strong>uolens</strong></span> <span class='ocrx_word' id='word_1_200' title='bbox 832 418 944 493; x_wconf 83' lang='lat' dir='ltr'><strong>cogeris</strong></span> <span class='ocrx_word' id='word_1_201' title='bbox 957 417 987 491; x_wconf 70' lang='grc' dir='ltr'><strong>Α</strong></span> 
     </span>
    </p>
   </div>
   <div class='ocr_carea' id='block_1_9' title="bbox 1745 292 1824 355">
    <p class='ocr_par' dir='ltr' id='par_1_26' title="bbox 1745 292 1824 355">
     <span class='ocr_line' id='line_1_56' title="bbox 1745 292 1824 355; baseline -0.025 0"><span class='ocrx_word' id='word_1_202' title='bbox 1745 292 1824 355; x_wconf 80' lang='lat' dir='ltr'><strong>tosa</strong></span> 
     </span>
    </p>
   </div>
   <div class='ocr_carea' id='block_1_10' title="bbox 998 435 1826 3170">
    <p class='ocr_par' dir='ltr' id='par_1_27' title="bbox 1333 435 1488 481">
     <span class='ocr_line' id='line_1_57' title="bbox 1333 435 1488 481; baseline 0.026 -3"><span class='ocrx_word' id='word_1_203' title='bbox 1333 435 1488 481; x_wconf 75' lang='lat' dir='ltr'><strong>sarrensis.</strong></span> 
     </span>
    </p>

    <p class='ocr_par' dir='ltr' id='par_1_28' title="bbox 1000 507 1824 670">
     <span class='ocr_line' id='line_1_58' title="bbox 1035 507 1824 587; baseline 0.009 -24"><span class='ocrx_word' id='word_1_204' title='bbox 1035 507 1214 580; x_wconf 81' lang='lat' dir='ltr'><strong>Coniectare,</strong></span> <span class='ocrx_word' id='word_1_205' title='bbox 1231 507 1306 580; x_wconf 81' lang='lat' dir='ltr'><strong>sslia3</strong></span> <span class='ocrx_word' id='word_1_206' title='bbox 1323 526 1479 583; x_wconf 86' lang='lat' dir='ltr'><strong>percussor</strong></span> <span class='ocrx_word' id='word_1_207' title='bbox 1491 508 1605 569; x_wconf 90' lang='lat' dir='ltr'><strong>invadit</strong></span> <span class='ocrx_word' id='word_1_208' title='bbox 1619 528 1673 570; x_wconf 91' lang='lat' dir='ltr'><strong>nos</strong></span> <span class='ocrx_word' id='word_1_209' title='bbox 1688 511 1824 587; x_wconf 81' lang='lat' dir='ltr'><strong>evagina·</strong></span> 
     </span>
     <span class='ocr_line' id='line_1_59' title="bbox 1000 594 1152 670; baseline -0.02 -13"><span class='ocrx_word' id='word_1_210' title='bbox 1000 599 1030 657; x_wconf 88' lang='lat' dir='ltr'><strong>to</strong></span> <span class='ocrx_word' id='word_1_211' title='bbox 1044 594 1152 670; x_wconf 83' lang='lat' dir='ltr'><strong>gladio.</strong></span> 
     </span>
    </p>

    <p class='ocr_par' dir='ltr' id='par_1_29' title="bbox 1021 678 1449 745">
     <span class='ocr_line' id='line_1_60' title="bbox 1021 678 1449 745; baseline 0.012 -5"><span class='ocrx_word' id='word_1_212' title='bbox 1021 678 1024 685; x_wconf 83' lang='lat'>&#39;</span> <span class='ocrx_word' id='word_1_213' title='bbox 1372 703 1449 745; x_wconf 75' lang='lat' dir='ltr'><strong>cras.</strong></span> 
     </span>
    </p>

    <p class='ocr_par' dir='ltr' id='par_1_30' title="bbox 998 773 1825 1025">
     <span class='ocr_line' id='line_1_61' title="bbox 1037 773 1824 853; baseline 0.01 -25"><span class='ocrx_word' id='word_1_214' title='bbox 1037 774 1143 830; x_wconf 83' lang='lat' dir='ltr'><strong>Libone</strong></span> <span class='ocrx_word' id='word_1_215' title='bbox 1158 774 1209 831; x_wconf 83' lang='lat' dir='ltr'><strong>aa</strong></span> <span class='ocrx_word' id='word_1_216' title='bbox 1224 775 1334 847; x_wconf 86' lang='lat' dir='ltr'><strong>excipio</strong></span> <span class='ocrx_word' id='word_1_217' title='bbox 1349 773 1492 847; x_wconf 81' lang='lat' dir='ltr'><strong>gladium.</strong></span> <span class='ocrx_word' id='word_1_218' title='bbox 1505 777 1560 843; x_wconf 84' lang='lat' dir='ltr'><strong>Tu,</strong></span> <span class='ocrx_word' id='word_1_219' title='bbox 1572 776 1695 846; x_wconf 83' lang='lat' dir='ltr'><strong>Christe,</strong></span> <span class='ocrx_word' id='word_1_220' title='bbox 1707 781 1824 853; x_wconf 90' lang='lat' dir='ltr'><strong>suscipe</strong></span> 
     </span>
     <span class='ocr_line' id='line_1_62' title="bbox 998 863 1825 940; baseline 0.011 -22"><span class='ocrx_word' id='word_1_221' title='bbox 998 863 1137 935; x_wconf 88' lang='lat' dir='ltr'><strong>spiritam</strong></span> <span class='ocrx_word' id='word_1_222' title='bbox 1152 880 1205 936; x_wconf 96' lang='lat' dir='ltr'><strong>pro</strong></span> <span class='ocrx_word' id='word_1_223' title='bbox 1218 864 1261 918; x_wconf 93' lang='lat' dir='ltr'><strong>tui</strong></span> <span class='ocrx_word' id='word_1_224' title='bbox 1285 863 1469 921; x_wconf 84' lang='lat' dir='ltr'><strong>consessione</strong></span> <span class='ocrx_word' id='word_1_225' title='bbox 1495 866 1624 923; x_wconf 91' lang='lat' dir='ltr'><strong>nominis</strong></span> <span class='ocrx_word' id='word_1_226' title='bbox 1647 869 1771 940; x_wconf 79' lang='lat' dir='ltr'><strong>eJcctnm</strong></span> <span class='ocrx_word' id='word_1_227' title='bbox 1789 871 1825 927; x_wconf 90' lang='lat' dir='ltr'><strong>de</strong></span> 
     </span>
     <span class='ocr_line' id='line_1_63' title="bbox 998 950 1700 1025; baseline 0.001 -18"><span class='ocrx_word' id='word_1_228' title='bbox 998 950 1166 1008; x_wconf 90' lang='lat' dir='ltr'><strong>habitaculo</strong></span> <span class='ocrx_word' id='word_1_229' title='bbox 1181 952 1321 1025; x_wconf 88' lang='lat' dir='ltr'><strong>eorporis.</strong></span> <span class='ocrx_word' id='word_1_230' title='bbox 1697 951 1700 955; x_wconf 77' lang='grc'><strong>’</strong></span> 
     </span>
    </p>

    <p class='ocr_par' dir='ltr' id='par_1_31' title="bbox 1331 1057 1488 1098">
     <span class='ocr_line' id='line_1_64' title="bbox 1331 1057 1488 1098; baseline -0.006 -1"><span class='ocrx_word' id='word_1_231' title='bbox 1331 1057 1488 1098; x_wconf 75' lang='lat' dir='ltr'><strong>saranum.</strong></span> 
     </span>
    </p>

    <p class='ocr_par' dir='ltr' id='par_1_32' title="bbox 999 1129 1826 1565">
     <span class='ocr_line' id='line_1_65' title="bbox 1034 1129 1826 1205; baseline 0.01 -20"><span class='ocrx_word' id='word_1_232' title='bbox 1034 1129 1056 1185; x_wconf 94' lang='lat'>0</span> <span class='ocrx_word' id='word_1_233' title='bbox 1071 1129 1239 1198; x_wconf 81' lang='lat' dir='ltr'><strong>charitatis,</strong></span> <span class='ocrx_word' id='word_1_234' title='bbox 1256 1129 1372 1187; x_wconf 85' lang='lat' dir='ltr'><strong>soboles</strong></span> <span class='ocrx_word' id='word_1_235' title='bbox 1388 1129 1506 1203; x_wconf 76' lang='lat' dir='ltr'><strong>inclyta,</strong></span> <span class='ocrx_word' id='word_1_236' title='bbox 1523 1148 1592 1205; x_wconf 92' lang='lat' dir='ltr'><strong>spes</strong></span> <span class='ocrx_word' id='word_1_237' title='bbox 1607 1134 1751 1191; x_wconf 85' lang='lat' dir='ltr'><strong>uterimei</strong></span> <span class='ocrx_word' id='word_1_238' title='bbox 1763 1136 1826 1193; x_wconf 91' lang='lat' dir='ltr'><strong>uni·</strong></span> 
     </span>
     <span class='ocr_line' id='line_1_66' title="bbox 999 1217 1823 1287; baseline 0.01 -13"><span class='ocrx_word' id='word_1_239' title='bbox 999 1234 1043 1287; x_wconf 91' lang='lat' dir='ltr'><strong>ca,</strong></span> <span class='ocrx_word' id='word_1_240' title='bbox 1055 1236 1092 1275; x_wconf 90' lang='lat' dir='ltr'><strong>no</strong></span> <span class='ocrx_word' id='word_1_241' title='bbox 1100 1217 1254 1275; x_wconf 89' lang='lat' dir='ltr'><strong>contristes</strong></span> <span class='ocrx_word' id='word_1_242' title='bbox 1266 1223 1391 1276; x_wconf 90' lang='lat' dir='ltr'><strong>matrem</strong></span> <span class='ocrx_word' id='word_1_243' title='bbox 1402 1221 1510 1277; x_wconf 90' lang='lat' dir='ltr'><strong>bonam</strong></span> <span class='ocrx_word' id='word_1_244' title='bbox 1521 1222 1563 1278; x_wconf 86' lang='lat' dir='ltr'><strong>tui</strong></span> <span class='ocrx_word' id='word_1_245' title='bbox 1575 1223 1745 1281; x_wconf 88' lang='lat' dir='ltr'><strong>certaminis</strong></span> <span class='ocrx_word' id='word_1_246' title='bbox 1754 1242 1823 1282; x_wconf 88' lang='lat' dir='ltr'><strong>oon-</strong></span> 
     </span>
     <span class='ocr_line' id='line_1_67' title="bbox 999 1308 1824 1387; baseline 0.01 -22"><span class='ocrx_word' id='word_1_247' title='bbox 999 1308 1227 1365; x_wconf 89' lang='lat' dir='ltr'><strong>sammationem</strong></span> <span class='ocrx_word' id='word_1_248' title='bbox 1243 1313 1480 1383; x_wconf 67' lang='lat' dir='ltr'><strong>exspectantem</strong></span> <span class='ocrx_word' id='word_1_249' title='bbox 1498 1311 1549 1367; x_wconf 91' lang='lat' dir='ltr'><strong>sed</strong></span> <span class='ocrx_word' id='word_1_250' title='bbox 1565 1327 1671 1384; x_wconf 88' lang='lat' dir='ltr'><strong>sperne</strong></span> <span class='ocrx_word' id='word_1_251' title='bbox 1695 1330 1824 1387; x_wconf 76' lang='lat' dir='ltr'><strong>praesens</strong></span> 
     </span>
     <span class='ocr_line' id='line_1_68' title="bbox 999 1395 1824 1479; baseline 0.012 -27"><span class='ocrx_word' id='word_1_252' title='bbox 999 1395 1150 1470; x_wconf 70' lang='lat' dir='ltr'><strong>uittaque</strong></span> <span class='ocrx_word' id='word_1_253' title='bbox 1162 1398 1314 1470; x_wconf 84' lang='lat' dir='ltr'><strong>pervenias</strong></span> <span class='ocrx_word' id='word_1_254' title='bbox 1329 1399 1365 1455; x_wconf 93' lang='lat' dir='ltr'><strong>ad</strong></span> <span class='ocrx_word' id='word_1_255' title='bbox 1377 1398 1520 1472; x_wconf 84' lang='lat' dir='ltr'><strong>gaudiam</strong></span> <span class='ocrx_word' id='word_1_256' title='bbox 1534 1399 1824 1479; x_wconf 82' lang='lat' dir='ltr'><strong>interminabilo‚quo</strong></span> 
     </span>
     <span class='ocr_line' id='line_1_69' title="bbox 999 1485 1787 1565; baseline 0.011 -23"><span class='ocrx_word' id='word_1_257' title='bbox 999 1485 1041 1542; x_wconf 91' lang='lat' dir='ltr'><strong>tui</strong></span> <span class='ocrx_word' id='word_1_258' title='bbox 1050 1501 1197 1559; x_wconf 81' lang='lat' dir='ltr'><strong>germano</strong></span> <span class='ocrx_word' id='word_1_259' title='bbox 1211 1486 1326 1561; x_wconf 76' lang='lat' dir='ltr'><strong>fulgent</strong></span> <span class='ocrx_word' id='word_1_260' title='bbox 1340 1487 1457 1545; x_wconf 91' lang='lat' dir='ltr'><strong>coronis</strong></span> <span class='ocrx_word' id='word_1_261' title='bbox 1471 1487 1591 1546; x_wconf 79' lang='lat' dir='ltr'><strong>illibata</strong></span> <span class='ocrx_word' id='word_1_262' title='bbox 1601 1488 1787 1565; x_wconf 76' lang='lat' dir='ltr'><strong>virginitatis.</strong></span> 
     </span>
    </p>

    <p class='ocr_par' dir='ltr' id='par_1_33' title="bbox 1336 1593 1484 1635">
     <span class='ocr_line' id='line_1_70' title="bbox 1336 1593 1484 1635; baseline -0.007 -1"><span class='ocrx_word' id='word_1_263' title='bbox 1336 1593 1484 1635; x_wconf 69' lang='lat' dir='ltr'><strong>muniris.</strong></span> 
     </span>
    </p>

    <p class='ocr_par' dir='ltr' id='par_1_34' title="bbox 1000 1663 1826 1829">
     <span class='ocr_line' id='line_1_71' title="bbox 1036 1663 1826 1742; baseline 0.013 -22"><span class='ocrx_word' id='word_1_264' title='bbox 1036 1663 1115 1720; x_wconf 79' lang='lat' dir='ltr'><strong>Falci</strong></span> <span class='ocrx_word' id='word_1_265' title='bbox 1132 1680 1189 1733; x_wconf 89' lang='lat' dir='ltr'><strong>me,</strong></span> <span class='ocrx_word' id='word_1_266' title='bbox 1206 1670 1310 1735; x_wconf 89' lang='lat' dir='ltr'><strong>mater,</strong></span> <span class='ocrx_word' id='word_1_267' title='bbox 1326 1666 1464 1739; x_wconf 87' lang='lat' dir='ltr'><strong>precibus</strong></span> <span class='ocrx_word' id='word_1_268' title='bbox 1479 1667 1582 1738; x_wconf 71' lang='lat' dir='ltr'><strong>eacus,</strong></span> <span class='ocrx_word' id='word_1_269' title='bbox 1599 1671 1746 1742; x_wconf 85' lang='lat' dir='ltr'><strong>quatenus</strong></span> <span class='ocrx_word' id='word_1_270' title='bbox 1766 1686 1826 1730; x_wconf 90' lang='lat' dir='ltr'><strong>mo·</strong></span> 
     </span>
     <span class='ocr_line' id='line_1_72' title="bbox 1000 1751 1494 1829; baseline 0.008 -19"><span class='ocrx_word' id='word_1_271' title='bbox 1000 1766 1065 1810; x_wconf 82' lang='lat' dir='ltr'><strong>rasr</strong></span> <span class='ocrx_word' id='word_1_272' title='bbox 1078 1751 1220 1811; x_wconf 84' lang='lat' dir='ltr'><strong>interesse</strong></span> <span class='ocrx_word' id='word_1_273' title='bbox 1234 1753 1352 1811; x_wconf 88' lang='lat' dir='ltr'><strong>illarum</strong></span> <span class='ocrx_word' id='word_1_274' title='bbox 1367 1756 1494 1829; x_wconf 80' lang='lat' dir='ltr'><strong>gaudiis.</strong></span> 
     </span>
    </p>

    <p class='ocr_par' dir='ltr' id='par_1_35' title="bbox 1332 1860 1491 1903">
     <span class='ocr_line' id='line_1_73' title="bbox 1332 1860 1491 1903; baseline 0 -2"><span class='ocrx_word' id='word_1_275' title='bbox 1332 1860 1491 1903; x_wconf 72' lang='lat' dir='ltr'><strong>sacrarum.</strong></span> 
     </span>
    </p>

    <p class='ocr_par' dir='ltr' id='par_1_36' title="bbox 999 1930 1822 2096">
     <span class='ocr_line' id='line_1_74' title="bbox 1034 1930 1822 2006; baseline 0.014 -20"><span class='ocrx_word' id='word_1_276' title='bbox 1034 1930 1125 1988; x_wconf 82' lang='lat' dir='ltr'><strong>ltxoro</strong></span> <span class='ocrx_word' id='word_1_277' title='bbox 1140 1935 1167 1988; x_wconf 89' lang='lat' dir='ltr'><strong>ta</strong></span> <span class='ocrx_word' id='word_1_278' title='bbox 1182 1932 1328 1991; x_wconf 85' lang='lat' dir='ltr'><strong>tlnetsnns</strong></span> <span class='ocrx_word' id='word_1_279' title='bbox 1343 1935 1373 1990; x_wconf 93' lang='lat' dir='ltr'><strong>in</strong></span> <span class='ocrx_word' id='word_1_280' title='bbox 1389 1934 1448 1991; x_wconf 86' lang='lat' dir='ltr'><strong>tide</strong></span> <span class='ocrx_word' id='word_1_281' title='bbox 1462 1934 1623 1992; x_wconf 86' lang='lat' dir='ltr'><strong>solidatum</strong></span> <span class='ocrx_word' id='word_1_282' title='bbox 1639 1937 1686 2006; x_wconf 87' lang='lat' dir='ltr'><strong>iri,</strong></span> <span class='ocrx_word' id='word_1_283' title='bbox 1700 1953 1753 1996; x_wconf 88' lang='lat' dir='ltr'><strong>nse</strong></span> <span class='ocrx_word' id='word_1_284' title='bbox 1768 1939 1822 1997; x_wconf 89' lang='lat' dir='ltr'><strong>du·</strong></span> 
     </span>
     <span class='ocr_line' id='line_1_75' title="bbox 999 2019 1663 2096; baseline 0.009 -19"><span class='ocrx_word' id='word_1_285' title='bbox 999 2019 1060 2077; x_wconf 89' lang='lat' dir='ltr'><strong>bito</strong></span> <span class='ocrx_word' id='word_1_286' title='bbox 1076 2019 1128 2078; x_wconf 90' lang='lat' dir='ltr'><strong>tibi</strong></span> <span class='ocrx_word' id='word_1_287' title='bbox 1141 2037 1268 2094; x_wconf 85' lang='lat' dir='ltr'><strong>peronae</strong></span> <span class='ocrx_word' id='word_1_288' title='bbox 1284 2023 1448 2096; x_wconf 90' lang='lat' dir='ltr'><strong>tripudium</strong></span> <span class='ocrx_word' id='word_1_289' title='bbox 1462 2025 1603 2083; x_wconf 88' lang='lat' dir='ltr'><strong>donatum</strong></span> <span class='ocrx_word' id='word_1_290' title='bbox 1617 2025 1663 2083; x_wconf 91' lang='lat' dir='ltr'><strong>iri.</strong></span> 
     </span>
    </p>

    <p class='ocr_par' dir='ltr' id='par_1_37' title="bbox 1335 2128 1491 2173">
     <span class='ocr_line' id='line_1_76' title="bbox 1335 2128 1491 2173; baseline 0.032 -5"><span class='ocrx_word' id='word_1_291' title='bbox 1335 2128 1491 2173; x_wconf 79' lang='lat' dir='ltr'><strong>marsuas.</strong></span> 
     </span>
    </p>

    <p class='ocr_par' dir='ltr' id='par_1_38' title="bbox 999 2198 1826 2614">
     <span class='ocr_line' id='line_1_77' title="bbox 1035 2198 1825 2277; baseline 0.009 -22"><span class='ocrx_word' id='word_1_292' title='bbox 1035 2198 1179 2273; x_wconf 84' lang='lat' dir='ltr'><strong>Charitas,</strong></span> <span class='ocrx_word' id='word_1_293' title='bbox 1203 2205 1354 2259; x_wconf 88' lang='lat' dir='ltr'><strong>saturatus</strong></span> <span class='ocrx_word' id='word_1_294' title='bbox 1384 2203 1524 2260; x_wconf 82' lang='lat' dir='ltr'><strong>conviciis</strong></span> <span class='ocrx_word' id='word_1_295' title='bbox 1549 2202 1593 2260; x_wconf 90' lang='lat' dir='ltr'><strong>tul</strong></span> <span class='ocrx_word' id='word_1_296' title='bbox 1617 2221 1762 2277; x_wconf 86' lang='lat' dir='ltr'><strong>sororum,</strong></span> <span class='ocrx_word' id='word_1_297' title='bbox 1783 2205 1825 2262; x_wconf 90' lang='lat' dir='ltr'><strong>ui·</strong></span> 
     </span>
     <span class='ocr_line' id='line_1_78' title="bbox 1000 2287 1823 2366; baseline 0.015 -24"><span class='ocrx_word' id='word_1_298' title='bbox 1000 2287 1152 2363; x_wconf 88' lang='lat' dir='ltr'><strong>miamque</strong></span> <span class='ocrx_word' id='word_1_299' title='bbox 1166 2289 1357 2347; x_wconf 82' lang='lat' dir='ltr'><strong>exacerbatus</strong></span> <span class='ocrx_word' id='word_1_300' title='bbox 1367 2307 1434 2347; x_wconf 90' lang='lat' dir='ltr'><strong>sum</strong></span> <span class='ocrx_word' id='word_1_301' title='bbox 1445 2291 1559 2366; x_wconf 80' lang='lat' dir='ltr'><strong>prolixa</strong></span> <span class='ocrx_word' id='word_1_302' title='bbox 1569 2294 1701 2351; x_wconf 86' lang='lat' dir='ltr'><strong>oratione</strong></span> <span class='ocrx_word' id='word_1_303' title='bbox 1710 2311 1823 2354; x_wconf 90' lang='lat' dir='ltr'><strong>earum.</strong></span> 
     </span>
     <span class='ocr_line' id='line_1_79' title="bbox 999 2375 1825 2459; baseline 0.013 -27"><span class='ocrx_word' id='word_1_304' title='bbox 999 2375 1081 2434; x_wconf 89' lang='lat' dir='ltr'><strong>Unde</strong></span> <span class='ocrx_word' id='word_1_305' title='bbox 1096 2377 1146 2433; x_wconf 93' lang='lat' dir='ltr'><strong>din</strong></span> <span class='ocrx_word' id='word_1_306' title='bbox 1171 2382 1269 2435; x_wconf 90' lang='lat' dir='ltr'><strong>tecum</strong></span> <span class='ocrx_word' id='word_1_307' title='bbox 1295 2395 1354 2435; x_wconf 89' lang='lat' dir='ltr'><strong>nen</strong></span> <span class='ocrx_word' id='word_1_308' title='bbox 1379 2381 1533 2450; x_wconf 87' lang='lat' dir='ltr'><strong>contendo,</strong></span> <span class='ocrx_word' id='word_1_309' title='bbox 1550 2382 1601 2439; x_wconf 89' lang='lat' dir='ltr'><strong>sed</strong></span> <span class='ocrx_word' id='word_1_310' title='bbox 1616 2383 1662 2440; x_wconf 89' lang='lat' dir='ltr'><strong>val</strong></span> <span class='ocrx_word' id='word_1_311' title='bbox 1677 2384 1825 2459; x_wconf 80' lang='lat' dir='ltr'><strong>obtempe-</strong></span> 
     </span>
     <span class='ocr_line' id='line_1_80' title="bbox 999 2466 1826 2551; baseline 0.015 -31"><span class='ocrx_word' id='word_1_312' title='bbox 999 2470 1113 2523; x_wconf 91' lang='lat' dir='ltr'><strong>rantem</strong></span> <span class='ocrx_word' id='word_1_313' title='bbox 1129 2466 1186 2523; x_wconf 89' lang='lat' dir='ltr'><strong>mei</strong></span> <span class='ocrx_word' id='word_1_314' title='bbox 1202 2468 1277 2551; x_wconf 67' lang='lat' dir='ltr'><strong>sotis</strong></span> <span class='ocrx_word' id='word_1_315' title='bbox 1293 2468 1393 2525; x_wconf 91' lang='lat' dir='ltr'><strong>ditabo</strong></span> <span class='ocrx_word' id='word_1_316' title='bbox 1408 2470 1546 2527; x_wconf 89' lang='lat' dir='ltr'><strong>omnibns</strong></span> <span class='ocrx_word' id='word_1_317' title='bbox 1561 2472 1657 2543; x_wconf 92' lang='lat' dir='ltr'><strong>bonis,</strong></span> <span class='ocrx_word' id='word_1_318' title='bbox 1668 2473 1712 2530; x_wconf 90' lang='lat' dir='ltr'><strong>vel</strong></span> <span class='ocrx_word' id='word_1_319' title='bbox 1724 2477 1826 2532; x_wconf 87' lang='lat' dir='ltr'><strong>contra</strong></span> 
     </span>
     <span class='ocr_line' id='line_1_81' title="bbox 1000 2554 1416 2614; baseline 0.002 -3"><span class='ocrx_word' id='word_1_320' title='bbox 1000 2554 1159 2612; x_wconf 84' lang='lat' dir='ltr'><strong>luctantem</strong></span> <span class='ocrx_word' id='word_1_321' title='bbox 1175 2556 1303 2614; x_wconf 86' lang='lat' dir='ltr'><strong>alliciam</strong></span> <span class='ocrx_word' id='word_1_322' title='bbox 1319 2555 1416 2614; x_wconf 90' lang='lat' dir='ltr'><strong>malis.</strong></span> 
     </span>
    </p>

    <p class='ocr_par' dir='ltr' id='par_1_39' title="bbox 1336 2663 1483 2704">
     <span class='ocr_line' id='line_1_82' title="bbox 1336 2663 1483 2704; baseline 0.007 -1"><span class='ocrx_word' id='word_1_323' title='bbox 1336 2663 1483 2704; x_wconf 75' lang='lat' dir='ltr'><strong>unsarans.</strong></span> 
     </span>
    </p>

    <p class='ocr_par' dir='ltr' id='par_1_40' title="bbox 1036 2734 1823 2809">
     <span class='ocr_line' id='line_1_83' title="bbox 1036 2734 1823 2809; baseline 0.01 -19"><span class='ocrx_word' id='word_1_324' title='bbox 1036 2735 1338 2808; x_wconf 61' lang='lat' dir='ltr'><strong>Bonumfcordstanns</strong></span> <span class='ocrx_word' id='word_1_325' title='bbox 1352 2734 1522 2809; x_wconf 89' lang='lat' dir='ltr'><strong>amplector,</strong></span> <span class='ocrx_word' id='word_1_326' title='bbox 1535 2742 1564 2795; x_wconf 89' lang='lat' dir='ltr'><strong>ct</strong></span> <span class='ocrx_word' id='word_1_327' title='bbox 1574 2737 1686 2797; x_wconf 89' lang='lat' dir='ltr'><strong>malurn</strong></span> <span class='ocrx_word' id='word_1_328' title='bbox 1702 2741 1823 2798; x_wconf 88' lang='lat' dir='ltr'><strong>omnino</strong></span> 
     </span>
    </p>

    <p class='ocr_par' dir='ltr' id='par_1_41' title="bbox 1000 2824 1490 2972">
     <span class='ocr_line' id='line_1_84' title="bbox 1000 2824 1137 2882; baseline 0.029 -4"><span class='ocrx_word' id='word_1_329' title='bbox 1000 2824 1137 2882; x_wconf 89' lang='lat' dir='ltr'><strong>detestor.</strong></span> 
     </span>
     <span class='ocr_line' id='line_1_85' title="bbox 1337 2920 1490 2972; baseline -0.007 -1"><span class='ocrx_word' id='word_1_330' title='bbox 1337 2920 1490 2972; x_wconf 73' lang='lat' dir='ltr'><strong>nonianus.</strong></span> 
     </span>
    </p>

    <p class='ocr_par' dir='ltr' id='par_1_42' title="bbox 1036 3003 1826 3081">
     <span class='ocr_line' id='line_1_86' title="bbox 1036 3003 1826 3081; baseline 0.01 -23"><span class='ocrx_word' id='word_1_331' title='bbox 1036 3003 1095 3058; x_wconf 86' lang='lat' dir='ltr'><strong>ltoc</strong></span> <span class='ocrx_word' id='word_1_332' title='bbox 1106 3003 1160 3059; x_wconf 90' lang='lat' dir='ltr'><strong>tibi</strong></span> <span class='ocrx_word' id='word_1_333' title='bbox 1177 3003 1365 3076; x_wconf 89' lang='lat' dir='ltr'><strong>potissimum</strong></span> <span class='ocrx_word' id='word_1_334' title='bbox 1378 3004 1496 3061; x_wconf 89' lang='lat' dir='ltr'><strong>salubre</strong></span> <span class='ocrx_word' id='word_1_335' title='bbox 1510 3004 1643 3079; x_wconf 85' lang='lat' dir='ltr'><strong>mihique</strong></span> <span class='ocrx_word' id='word_1_336' title='bbox 1662 3012 1708 3065; x_wconf 87' lang='lat' dir='ltr'><strong>est</strong></span> <span class='ocrx_word' id='word_1_337' title='bbox 1732 3008 1826 3081; x_wconf 91' lang='lat' dir='ltr'><strong>placa·</strong></span> 
     </span>
    </p>

    <p class='ocr_par' dir='ltr' id='par_1_43' title="bbox 1001 3090 1824 3170">
     <span class='ocr_line' id='line_1_87' title="bbox 1001 3090 1824 3170; baseline 0.011 -24"><span class='ocrx_word' id='word_1_338' title='bbox 1001 3091 1069 3161; x_wconf 90' lang='lat' dir='ltr'><strong>bite,</strong></span> <span class='ocrx_word' id='word_1_339' title='bbox 1085 3091 1208 3165; x_wconf 89' lang='lat' dir='ltr'><strong>ideoque</strong></span> <span class='ocrx_word' id='word_1_340' title='bbox 1224 3090 1285 3150; x_wconf 80' lang='lat' dir='ltr'><strong>lave</strong></span> <span class='ocrx_word' id='word_1_341' title='bbox 1298 3092 1439 3166; x_wconf 88' lang='lat' dir='ltr'><strong>quiddam</strong></span> <span class='ocrx_word' id='word_1_342' title='bbox 1455 3094 1508 3150; x_wconf 89' lang='lat' dir='ltr'><strong>tibi</strong></span> <span class='ocrx_word' id='word_1_343' title='bbox 1523 3108 1660 3169; x_wconf 75' lang='lat' dir='ltr'><strong>propono</strong></span> <span class='ocrx_word' id='word_1_344' title='bbox 1680 3114 1751 3155; x_wconf 78' lang='lat' dir='ltr'><strong>mee</strong></span> <span class='ocrx_word' id='word_1_345' title='bbox 1764 3098 1824 3170; x_wconf 91' lang='lat' dir='ltr'><strong>pic·</strong></span> 
     </span>
    </p>
   </div>
   <div class='ocr_carea' id='block_1_11' title="bbox 960 3167 1189 3254">
    <p class='ocr_par' dir='ltr' id='par_1_44' title="bbox 960 3167 1189 3254">
     <span class='ocr_line' id='line_1_88' title="bbox 960 3167 1189 3254; baseline -0.004 -17"><span class='ocrx_word' id='word_1_346' title='bbox 960 3167 983 3237; x_wconf 85' lang='lat' dir='ltr'>ss</span> <span class='ocrx_word' id='word_1_347' title='bbox 1000 3181 1071 3237; x_wconf 90' lang='lat' dir='ltr'><strong>tatis</strong></span> <span class='ocrx_word' id='word_1_348' title='bbox 1085 3181 1189 3254; x_wconf 83' lang='lat' dir='ltr'><strong>gratia.</strong></span> 
     </span>
    </p>
   </div>
   <div class='ocr_carea' id='block_1_12' title="bbox 1036 3287 1491 3510">
    <p class='ocr_par' dir='ltr' id='par_1_45' title="bbox 1036 3287 1491 3510">
     <span class='ocr_line' id='line_1_89' title="bbox 1341 3287 1485 3330; baseline 0 -2"><span class='ocrx_word' id='word_1_349' title='bbox 1341 3287 1485 3330; x_wconf 67' lang='lat' dir='ltr'><strong>essarris.</strong></span> 
     </span>
     <span class='ocr_line' id='line_1_90' title="bbox 1036 3359 1130 3428; baseline -0.021 -11"><span class='ocrx_word' id='word_1_350' title='bbox 1036 3359 1130 3428; x_wconf 79' lang='lat' dir='ltr'><strong>Ouidi</strong></span> 
     </span>
     <span class='ocr_line' id='line_1_91' title="bbox 1336 3467 1491 3510; baseline 0.013 -4"><span class='ocrx_word' id='word_1_351' title='bbox 1336 3467 1491 3510; x_wconf 72' lang='lat' dir='ltr'><strong>aprunus.</strong></span> 
     </span>
    </p>
   </div>
   <div class='ocr_carea' id='block_1_13' title="bbox 1000 3538 1827 3700">
    <p class='ocr_par' dir='ltr' id='par_1_46' title="bbox 1000 3538 1827 3700">
     <span class='ocr_line' id='line_1_92' title="bbox 1035 3538 1827 3616; baseline 0.011 -21"><span class='ocrx_word' id='word_1_352' title='bbox 1035 3538 1086 3595; x_wconf 88' lang='lat' dir='ltr'><strong>Die</strong></span> <span class='ocrx_word' id='word_1_353' title='bbox 1103 3542 1237 3595; x_wconf 84' lang='lat' dir='ltr'><strong>tanturn:</strong></span> <span class='ocrx_word' id='word_1_354' title='bbox 1254 3538 1350 3611; x_wconf 71' lang='lat' dir='ltr'><strong>dopna</strong></span> <span class='ocrx_word' id='word_1_355' title='bbox 1365 3542 1469 3599; x_wconf 77' lang='lat' dir='ltr'><strong>Dmno!</strong></span> <span class='ocrx_word' id='word_1_356' title='bbox 1485 3548 1514 3599; x_wconf 86' lang='lat' dir='ltr'><strong>et</strong></span> <span class='ocrx_word' id='word_1_357' title='bbox 1530 3559 1583 3616; x_wconf 84' lang='lat' dir='ltr'><strong>ego</strong></span> <span class='ocrx_word' id='word_1_358' title='bbox 1597 3544 1676 3603; x_wconf 92' lang='lat' dir='ltr'><strong>ultra</strong></span> <span class='ocrx_word' id='word_1_359' title='bbox 1686 3548 1722 3604; x_wconf 93' lang='lat' dir='ltr'><strong>ad</strong></span> <span class='ocrx_word' id='word_1_360' title='bbox 1737 3547 1827 3606; x_wconf 76' lang='lat' dir='ltr'><strong>sacri</strong></span> 
     </span>
     <span class='ocr_line' id='line_1_93' title="bbox 1000 3628 1438 3700; baseline 0.005 -18"><span class='ocrx_word' id='word_1_361' title='bbox 1000 3628 1150 3684; x_wconf 88' lang='lat' dir='ltr'><strong>ficandnm</strong></span> <span class='ocrx_word' id='word_1_362' title='bbox 1166 3632 1194 3684; x_wconf 87' lang='lat' dir='ltr'><strong>te</strong></span> <span class='ocrx_word' id='word_1_363' title='bbox 1210 3644 1268 3684; x_wconf 88' lang='lat' dir='ltr'><strong>nou</strong></span> <span class='ocrx_word' id='word_1_364' title='bbox 1284 3629 1438 3700; x_wconf 89' lang='lat' dir='ltr'><strong>compello.</strong></span> 
     </span>
    </p>
   </div>
   <div class='ocr_carea' id='block_1_14' title="bbox 999 3734 1826 4505">
    <p class='ocr_par' dir='ltr' id='par_1_47' title="bbox 1336 3734 1486 3776">
     <span class='ocr_line' id='line_1_94' title="bbox 1336 3734 1486 3776; baseline 0.013 -2"><span class='ocrx_word' id='word_1_365' title='bbox 1336 3734 1486 3776; x_wconf 70' lang='lat' dir='ltr'><strong>muniris.</strong></span> 
     </span>
    </p>

    <p class='ocr_par' dir='ltr' id='par_1_48' title="bbox 1035 3805 1333 3865">
     <span class='ocr_line' id='line_1_95' title="bbox 1035 3805 1333 3865; baseline -0.003 -2"><span class='ocrx_word' id='word_1_366' title='bbox 1035 3805 1167 3864; x_wconf 86' lang='lat' dir='ltr'><strong>Porecrte</strong></span> <span class='ocrx_word' id='word_1_367' title='bbox 1184 3823 1242 3864; x_wconf 91' lang='lat' dir='ltr'><strong>non</strong></span> <span class='ocrx_word' id='word_1_368' title='bbox 1259 3806 1333 3865; x_wconf 91' lang='lat' dir='ltr'><strong>dieo.</strong></span> 
     </span>
    </p>

    <p class='ocr_par' dir='ltr' id='par_1_49' title="bbox 1333 3910 1490 3952">
     <span class='ocr_line' id='line_1_96' title="bbox 1333 3910 1490 3952; baseline 0.013 -2"><span class='ocrx_word' id='word_1_369' title='bbox 1333 3910 1490 3952; x_wconf 72' lang='lat' dir='ltr'><strong>asarinus.</strong></span> 
     </span>
    </p>

    <p class='ocr_par' dir='ltr' id='par_1_50' title="bbox 1035 3984 1149 4052">
     <span class='ocr_line' id='line_1_97' title="bbox 1035 3984 1149 4052; baseline -0.018 -11"><span class='ocrx_word' id='word_1_370' title='bbox 1035 3984 1149 4052; x_wconf 85' lang='lat' dir='ltr'><strong>Quaro‘l</strong></span> 
     </span>
    </p>

    <p class='ocr_par' dir='ltr' id='par_1_51' title="bbox 1338 4089 1485 4129">
     <span class='ocr_line' id='line_1_98' title="bbox 1338 4089 1485 4129; baseline 0 -1"><span class='ocrx_word' id='word_1_371' title='bbox 1338 4089 1485 4129; x_wconf 75' lang='lat' dir='ltr'><strong>crrnnrrns.</strong></span> 
     </span>
    </p>

    <p class='ocr_par' dir='ltr' id='par_1_52' title="bbox 999 4161 1826 4505">
     <span class='ocr_line' id='line_1_99' title="bbox 1036 4161 1824 4235; baseline 0.006 -16"><span class='ocrx_word' id='word_1_372' title='bbox 1036 4163 1109 4230; x_wconf 81' lang='lat' dir='ltr'><strong>Ouia</strong></span> <span class='ocrx_word' id='word_1_373' title='bbox 1124 4162 1241 4219; x_wconf 90' lang='lat' dir='ltr'><strong>mentiri</strong></span> <span class='ocrx_word' id='word_1_374' title='bbox 1257 4161 1333 4219; x_wconf 89' lang='lat' dir='ltr'><strong>nolo.</strong></span> <span class='ocrx_word' id='word_1_375' title='bbox 1350 4163 1409 4235; x_wconf 78' lang='lat' dir='ltr'><strong>Ego</strong></span> <span class='ocrx_word' id='word_1_376' title='bbox 1429 4162 1549 4235; x_wconf 89' lang='lat' dir='ltr'><strong>quidem</strong></span> <span class='ocrx_word' id='word_1_377' title='bbox 1564 4168 1594 4219; x_wconf 89' lang='lat' dir='ltr'><strong>ot</strong></span> <span class='ocrx_word' id='word_1_378' title='bbox 1615 4180 1730 4222; x_wconf 89' lang='lat' dir='ltr'><strong>sorores</strong></span> <span class='ocrx_word' id='word_1_379' title='bbox 1754 4182 1824 4224; x_wconf 80' lang='lat' dir='ltr'><strong>mea</strong></span> 
     </span>
     <span class='ocr_line' id='line_1_100' title="bbox 999 4252 1826 4325; baseline 0.002 -15"><span class='ocrx_word' id='word_1_380' title='bbox 999 4253 1112 4311; x_wconf 88' lang='lat' dir='ltr'><strong>eisdem</strong></span> <span class='ocrx_word' id='word_1_381' title='bbox 1127 4252 1299 4325; x_wconf 88' lang='lat' dir='ltr'><strong>parentibus</strong></span> <span class='ocrx_word' id='word_1_382' title='bbox 1313 4252 1429 4325; x_wconf 81' lang='lat' dir='ltr'><strong>genita,</strong></span> <span class='ocrx_word' id='word_1_383' title='bbox 1440 4253 1559 4309; x_wconf 80' lang='lat' dir='ltr'><strong>aisdern</strong></span> <span class='ocrx_word' id='word_1_384' title='bbox 1570 4254 1762 4319; x_wconf 83' lang='lat' dir='ltr'><strong>sacramentis</strong></span> <span class='ocrx_word' id='word_1_385' title='bbox 1773 4254 1826 4313; x_wconf 92' lang='lat' dir='ltr'><strong>im·</strong></span> 
     </span>
     <span class='ocr_line' id='line_1_101' title="bbox 1000 4341 1825 4414; baseline 0.001 -14"><span class='ocrx_word' id='word_1_386' title='bbox 1000 4343 1078 4400; x_wconf 77' lang='lat' dir='ltr'><strong>bata</strong></span> <span class='ocrx_word' id='word_1_387' title='bbox 1094 4358 1209 4410; x_wconf 89' lang='lat' dir='ltr'><strong>samus,</strong></span> <span class='ocrx_word' id='word_1_388' title='bbox 1227 4357 1286 4397; x_wconf 91' lang='lat' dir='ltr'><strong>una</strong></span> <span class='ocrx_word' id='word_1_389' title='bbox 1301 4341 1463 4414; x_wconf 86' lang='lat' dir='ltr'><strong>sedemque</strong></span> <span class='ocrx_word' id='word_1_390' title='bbox 1479 4341 1547 4398; x_wconf 84' lang='lat' dir='ltr'><strong>fidei</strong></span> <span class='ocrx_word' id='word_1_391' title='bbox 1562 4343 1730 4400; x_wconf 87' lang='lat' dir='ltr'><strong>constantia</strong></span> <span class='ocrx_word' id='word_1_392' title='bbox 1744 4345 1825 4401; x_wconf 91' lang='lat' dir='ltr'><strong>robo-</strong></span> 
     </span>
     <span class='ocr_line' id='line_1_102' title="bbox 1000 4429 1825 4505; baseline 0 -15"><span class='ocrx_word' id='word_1_393' title='bbox 1000 4435 1080 4490; x_wconf 82' lang='lat' dir='ltr'><strong>rata.</strong></span> <span class='ocrx_word' id='word_1_394' title='bbox 1096 4432 1278 4505; x_wconf 78' lang='lat' dir='ltr'><strong>Quapropter</strong></span> <span class='ocrx_word' id='word_1_395' title='bbox 1292 4429 1365 4487; x_wconf 92' lang='lat' dir='ltr'><strong>scite</strong></span> <span class='ocrx_word' id='word_1_396' title='bbox 1377 4434 1510 4488; x_wconf 91' lang='lat' dir='ltr'><strong>nostrum</strong></span> <span class='ocrx_word' id='word_1_397' title='bbox 1521 4429 1604 4502; x_wconf 85' lang='lat' dir='ltr'><strong>velle,</strong></span> <span class='ocrx_word' id='word_1_398' title='bbox 1612 4435 1747 4488; x_wconf 88' lang='lat' dir='ltr'><strong>nostrum</strong></span> <span class='ocrx_word' id='word_1_399' title='bbox 1759 4448 1825 4490; x_wconf 92' lang='lat' dir='ltr'><strong>con·</strong></span> 
     </span>
    </p>
   </div>
   <div class='ocr_carea' id='block_1_15' title="bbox 959 4519 1824 4616">
    <p class='ocr_par' dir='ltr' id='par_1_53' title="bbox 959 4519 1824 4616">
     <span class='ocr_line' id='line_1_103' title="bbox 959 4519 1824 4616; baseline 0.005 -39"><span class='ocrx_word' id='word_1_400' title='bbox 959 4544 984 4616; x_wconf 65' lang='lat'>⁰</span> <span class='ocrx_word' id='word_1_401' title='bbox 1000 4519 1118 4590; x_wconf 85' lang='lat' dir='ltr'><strong>sentire,</strong></span> <span class='ocrx_word' id='word_1_402' title='bbox 1136 4524 1271 4577; x_wconf 89' lang='lat' dir='ltr'><strong>nostrum</strong></span> <span class='ocrx_word' id='word_1_403' title='bbox 1287 4536 1400 4593; x_wconf 88' lang='lat' dir='ltr'><strong>sapore,</strong></span> <span class='ocrx_word' id='word_1_404' title='bbox 1415 4537 1509 4578; x_wconf 90' lang='lat' dir='ltr'><strong>unum</strong></span> <span class='ocrx_word' id='word_1_405' title='bbox 1524 4519 1661 4593; x_wconf 88' lang='lat' dir='ltr'><strong>idemque</strong></span> <span class='ocrx_word' id='word_1_406' title='bbox 1676 4537 1752 4592; x_wconf 87' lang='lat' dir='ltr'><strong>asse,</strong></span> <span class='ocrx_word' id='word_1_407' title='bbox 1771 4538 1824 4581; x_wconf 91' lang='lat' dir='ltr'><strong>nec</strong></span> 
     </span>
    </p>
   </div>
   <div class='ocr_carea' id='block_1_16' title="bbox 1000 4609 1823 4863">
    <p class='ocr_par' dir='ltr' id='par_1_54' title="bbox 1000 4609 1823 4863">
     <span class='ocr_line' id='line_1_104' title="bbox 1000 4609 1554 4687; baseline -0.009 -18"><span class='ocrx_word' id='word_1_408' title='bbox 1000 4628 1047 4687; x_wconf 86' lang='lat' dir='ltr'><strong>mc</strong></span> <span class='ocrx_word' id='word_1_409' title='bbox 1061 4611 1091 4667; x_wconf 92' lang='lat' dir='ltr'><strong>in</strong></span> <span class='ocrx_word' id='word_1_410' title='bbox 1106 4609 1165 4668; x_wconf 92' lang='lat' dir='ltr'><strong>ullo</strong></span> <span class='ocrx_word' id='word_1_411' title='bbox 1181 4627 1312 4685; x_wconf 82' lang='lat' dir='ltr'><strong>unquam</strong></span> <span class='ocrx_word' id='word_1_412' title='bbox 1328 4609 1387 4668; x_wconf 87' lang='lat' dir='ltr'><strong>illis</strong></span> <span class='ocrx_word' id='word_1_413' title='bbox 1402 4609 1554 4667; x_wconf 83' lang='lat' dir='ltr'><strong>dissidere.</strong></span> 
     </span>
     <span class='ocr_line' id='line_1_105' title="bbox 1337 4717 1488 4757; baseline -0.02 0"><span class='ocrx_word' id='word_1_414' title='bbox 1337 4717 1488 4757; x_wconf 75' lang='lat' dir='ltr'><strong>maianus.</strong></span> 
     </span>
     <span class='ocr_line' id='line_1_106' title="bbox 1034 4788 1823 4863; baseline -0.001 -15"><span class='ocrx_word' id='word_1_415' title='bbox 1034 4791 1056 4848; x_wconf 94' lang='lat'>0</span> <span class='ocrx_word' id='word_1_416' title='bbox 1072 4790 1192 4863; x_wconf 87' lang='lat' dir='ltr'><strong>injuria,</strong></span> <span class='ocrx_word' id='word_1_417' title='bbox 1210 4790 1287 4863; x_wconf 89' lang='lat' dir='ltr'><strong>quod</strong></span> <span class='ocrx_word' id='word_1_418' title='bbox 1302 4806 1320 4846; x_wconf 91' lang='lat' dir='ltr'><strong>a</strong></span> <span class='ocrx_word' id='word_1_419' title='bbox 1334 4788 1449 4847; x_wconf 91' lang='lat' dir='ltr'><strong>tantilla</strong></span> <span class='ocrx_word' id='word_1_420' title='bbox 1473 4788 1562 4846; x_wconf 88' lang='lat' dir='ltr'><strong>etiam</strong></span> <span class='ocrx_word' id='word_1_421' title='bbox 1587 4792 1759 4847; x_wconf 88' lang='lat' dir='ltr'><strong>contemnor</strong></span> <span class='ocrx_word' id='word_1_422' title='bbox 1771 4790 1823 4847; x_wconf 92' lang='lat' dir='ltr'><strong>ho·</strong></span> 
     </span>
    </p>
   </div>
   <div class='ocr_carea' id='block_1_17' title="bbox 999 4880 1482 5025">
    <p class='ocr_par' dir='ltr' id='par_1_55' title="bbox 999 4880 1482 5025">
     <span class='ocr_line' id='line_1_107' title="bbox 999 4880 1140 4939; baseline -0.021 -1"><span class='ocrx_word' id='word_1_423' title='bbox 999 4880 1140 4939; x_wconf 87' lang='lat' dir='ltr'><strong>mullula!</strong></span> 
     </span>
     <span class='ocr_line' id='line_1_108' title="bbox 1335 4982 1482 5025; baseline -0.014 -2"><span class='ocrx_word' id='word_1_424' title='bbox 1335 4982 1482 5025; x_wconf 74' lang='lat' dir='ltr'><strong>annutans.</strong></span> 
     </span>
    </p>
   </div>
   <div class='ocr_carea' id='block_1_18' title="bbox 1035 5059 1824 5130">
    <p class='ocr_par' dir='ltr' id='par_1_56' title="bbox 1035 5059 1824 5130">
     <span class='ocr_line' id='line_1_109' title="bbox 1035 5059 1824 5130; baseline -0.003 -11"><span class='ocrx_word' id='word_1_425' title='bbox 1035 5062 1114 5119; x_wconf 87' lang='lat' dir='ltr'><strong>Licet</strong></span> <span class='ocrx_word' id='word_1_426' title='bbox 1129 5059 1235 5118; x_wconf 90' lang='lat' dir='ltr'><strong>tenella</strong></span> <span class='ocrx_word' id='word_1_427' title='bbox 1250 5060 1307 5114; x_wconf 92' lang='lat' dir='ltr'><strong>sim</strong></span> <span class='ocrx_word' id='word_1_428' title='bbox 1323 5062 1418 5126; x_wconf 83' lang='lat' dir='ltr'><strong>aetate,</strong></span> <span class='ocrx_word' id='word_1_429' title='bbox 1434 5063 1533 5114; x_wconf 86' lang='lat' dir='ltr'><strong>tamen</strong></span> <span class='ocrx_word' id='word_1_430' title='bbox 1549 5073 1641 5130; x_wconf 83' lang='lat' dir='ltr'><strong>gnara</strong></span> <span class='ocrx_word' id='word_1_431' title='bbox 1656 5075 1722 5116; x_wconf 91' lang='lat' dir='ltr'><strong>sum</strong></span> <span class='ocrx_word' id='word_1_432' title='bbox 1737 5064 1764 5117; x_wconf 87' lang='lat' dir='ltr'><strong>tc</strong></span> <span class='ocrx_word' id='word_1_433' title='bbox 1780 5077 1824 5119; x_wconf 88' lang='lat' dir='ltr'><strong>ar·</strong></span> 
     </span>
    </p>
   </div>
   <div class='ocr_carea' id='block_1_19' title="bbox 117 5147 1374 5227">
    <p class='ocr_par' dir='ltr' id='par_1_57' title="bbox 117 5147 1374 5227">
     <span class='ocr_line' id='line_1_110' title="bbox 117 5147 1374 5227; baseline -0.004 -21"><span class='ocrx_word' id='word_1_434' title='bbox 117 5149 271 5207; x_wconf 81' lang='lat' dir='ltr'><strong>exsuitans</strong></span> <span class='ocrx_word' id='word_1_435' title='bbox 293 5150 438 5224; x_wconf 81' lang='lat' dir='ltr'><strong>gaudebo,</strong></span> <span class='ocrx_word' id='word_1_436' title='bbox 459 5150 577 5222; x_wconf 88' lang='lat' dir='ltr'><strong>quando</strong></span> <span class='ocrx_word' id='word_1_437' title='bbox 600 5149 644 5205; x_wconf 92' lang='lat' dir='ltr'><strong>tui</strong></span> <span class='ocrx_word' id='word_1_438' title='bbox 673 5151 855 5209; x_wconf 88' lang='lat' dir='ltr'><strong>sororculam</strong></span> <span class='ocrx_word' id='word_1_439' title='bbox 880 5155 943 5227; x_wconf 89' lang='lat' dir='ltr'><strong>pari</strong></span> <span class='ocrx_word' id='word_1_440' title='bbox 997 5157 1170 5225; x_wconf 84' lang='lat' dir='ltr'><strong>gumentose</strong></span> <span class='ocrx_word' id='word_1_441' title='bbox 1187 5147 1374 5204; x_wconf 82' lang='lat' dir='ltr'><strong>contundere.</strong></span> 
     </span>
    </p>
   </div>
   <div class='ocr_carea' id='block_1_20' title="bbox 117 5238 944 5673">
    <p class='ocr_par' dir='ltr' id='par_1_58' title="bbox 117 5238 943 5402">
     <span class='ocr_line' id='line_1_111' title="bbox 117 5238 943 5315; baseline 0.004 -18"><span class='ocrx_word' id='word_1_442' title='bbox 117 5238 287 5297; x_wconf 82' lang='lat' dir='ltr'><strong>conditione</strong></span> <span class='ocrx_word' id='word_1_443' title='bbox 298 5240 476 5296; x_wconf 79' lang='lat' dir='ltr'><strong>exstinetam</strong></span> <span class='ocrx_word' id='word_1_444' title='bbox 491 5238 564 5296; x_wconf 85' lang='lat' dir='ltr'><strong>emto</strong></span> <span class='ocrx_word' id='word_1_445' title='bbox 576 5239 792 5311; x_wconf 71' lang='lat' dir='ltr'><strong>praemiseroat</strong></span> <span class='ocrx_word' id='word_1_446' title='bbox 804 5257 858 5315; x_wconf 84' lang='lat' dir='ltr'><strong>ago</strong></span> <span class='ocrx_word' id='word_1_447' title='bbox 874 5242 943 5299; x_wconf 89' lang='lat' dir='ltr'><strong>sub-</strong></span> 
     </span>
     <span class='ocr_line' id='line_1_112' title="bbox 118 5332 400 5402; baseline 0 -19"><span class='ocrx_word' id='word_1_448' title='bbox 118 5345 227 5402; x_wconf 82' lang='lat' dir='ltr'><strong>sequar</strong></span> <span class='ocrx_word' id='word_1_449' title='bbox 241 5332 400 5402; x_wconf 89' lang='lat' dir='ltr'><strong>postrema.</strong></span> 
     </span>
    </p>

    <p class='ocr_par' dir='ltr' id='par_1_59' title="bbox 143 5434 570 5497">
     <span class='ocr_line' id='line_1_113' title="bbox 143 5434 570 5497; baseline 0.019 -30"><span class='ocrx_word' id='word_1_450' title='bbox 143 5488 149 5497; x_wconf 24' lang='grc' dir='ltr'>ι</span> <span class='ocrx_word' id='word_1_451' title='bbox 492 5434 570 5475; x_wconf 81' lang='lat' dir='ltr'><strong>aras.</strong></span> 
     </span>
    </p>

    <p class='ocr_par' dir='ltr' id='par_1_60' title="bbox 118 5507 944 5673">
     <span class='ocr_line' id='line_1_114' title="bbox 154 5507 944 5583; baseline 0.005 -19"><span class='ocrx_word' id='word_1_452' title='bbox 154 5507 297 5565; x_wconf 81' lang='lat' dir='ltr'><strong>Perennis</strong></span> <span class='ocrx_word' id='word_1_453' title='bbox 311 5507 441 5564; x_wconf 80' lang='lat' dir='ltr'><strong>Trinitas</strong></span> <span class='ocrx_word' id='word_1_454' title='bbox 456 5512 580 5565; x_wconf 85' lang='lat' dir='ltr'><strong>rcsttuat</strong></span> <span class='ocrx_word' id='word_1_455' title='bbox 593 5507 648 5565; x_wconf 91' lang='lat' dir='ltr'><strong>tibi</strong></span> <span class='ocrx_word' id='word_1_456' title='bbox 664 5507 695 5563; x_wconf 88' lang='lat' dir='ltr'><strong>in</strong></span> <span class='ocrx_word' id='word_1_457' title='bbox 710 5525 803 5565; x_wconf 83' lang='lat' dir='ltr'><strong>avam</strong></span> <span class='ocrx_word' id='word_1_458' title='bbox 822 5510 944 5583; x_wconf 88' lang='lat' dir='ltr'><strong>plenum</strong></span> 
     </span>
     <span class='ocr_line' id='line_1_115' title="bbox 118 5597 765 5673; baseline -0.002 -14"><span class='ocrx_word' id='word_1_459' title='bbox 118 5598 233 5673; x_wconf 79' lang='lat' dir='ltr'><strong>absque</strong></span> <span class='ocrx_word' id='word_1_460' title='bbox 249 5597 445 5659; x_wconf 80' lang='lat' dir='ltr'><strong>diminutione</strong></span> <span class='ocrx_word' id='word_1_461' title='bbox 454 5597 583 5659; x_wconf 77' lang='lat' dir='ltr'><strong>ubuum</strong></span> <span class='ocrx_word' id='word_1_462' title='bbox 596 5614 765 5658; x_wconf 87' lang='lat' dir='ltr'><strong>nnmerum.</strong></span> 
     </span>
    </p>
   </div>
   <div class='ocr_carea' id='block_1_21' title="bbox 1032 5252 1819 5402">
    <p class='ocr_par' dir='ltr' id='par_1_61' title="bbox 1032 5252 1819 5402">
     <span class='ocr_line' id='line_1_116' title="bbox 1351 5252 1484 5292; baseline -0.015 -1"><span class='ocrx_word' id='word_1_463' title='bbox 1351 5252 1484 5292; x_wconf 76' lang='lat' dir='ltr'><strong>narinus.</strong></span> 
     </span>
     <span class='ocr_line' id='line_1_117' title="bbox 1032 5257 1819 5402; baseline 0 -17"><span class='ocrx_word' id='word_1_464' title='bbox 1032 5327 1177 5386; x_wconf 78' lang='lat' dir='ltr'><strong>Abstrabo</strong></span> <span class='ocrx_word' id='word_1_465' title='bbox 1192 5327 1284 5394; x_wconf 88' lang='lat' dir='ltr'><strong>illam,</strong></span> <span class='ocrx_word' id='word_1_466' title='bbox 1300 5257 1450 5394; x_wconf 61' lang='lat' dir='ltr'><strong>Aritioche,</strong></span> <span class='ocrx_word' id='word_1_467' title='bbox 1466 5329 1495 5381; x_wconf 87' lang='lat' dir='ltr'><strong>st</strong></span> <span class='ocrx_word' id='word_1_468' title='bbox 1510 5325 1564 5402; x_wconf 84' lang='lat' dir='ltr'><strong>lae,</strong></span> <span class='ocrx_word' id='word_1_469' title='bbox 1581 5329 1614 5381; x_wconf 92' lang='lat' dir='ltr'><strong>ut</strong></span> <span class='ocrx_word' id='word_1_470' title='bbox 1629 5343 1776 5399; x_wconf 86' lang='lat' dir='ltr'><strong>suspensa</strong></span> <span class='ocrx_word' id='word_1_471' title='bbox 1789 5327 1819 5385; x_wconf 89' lang='lat' dir='ltr'><strong>in</strong></span> 
     </span>
    </p>
   </div>
   <div class='ocr_carea' id='block_1_22' title="bbox 997 5415 1461 5491">
    <p class='ocr_par' dir='ltr' id='par_1_62' title="bbox 997 5415 1461 5491">
     <span class='ocr_line' id='line_1_118' title="bbox 997 5415 1461 5491; baseline -0.017 -15"><span class='ocrx_word' id='word_1_472' title='bbox 997 5418 1121 5491; x_wconf 87' lang='lat' dir='ltr'><strong>equuleo</strong></span> <span class='ocrx_word' id='word_1_473' title='bbox 1136 5417 1272 5473; x_wconf 86' lang='lat' dir='ltr'><strong>atrociter</strong></span> <span class='ocrx_word' id='word_1_474' title='bbox 1286 5415 1461 5471; x_wconf 87' lang='lat' dir='ltr'><strong>verberetur.</strong></span> 
     </span>
    </p>
   </div>
   <div class='ocr_carea' id='block_1_23' title="bbox 1032 5520 1638 5670">
    <p class='ocr_par' dir='ltr' id='par_1_63' title="bbox 1032 5520 1638 5670">
     <span class='ocr_line' id='line_1_119' title="bbox 1324 5520 1492 5563; baseline -0.012 -2"><span class='ocrx_word' id='word_1_475' title='bbox 1324 5520 1492 5563; x_wconf 70' lang='lat' dir='ltr'><strong>laricanus.</strong></span> 
     </span>
     <span class='ocr_line' id='line_1_120' title="bbox 1032 5594 1638 5670; baseline -0.002 -14"><span class='ocrx_word' id='word_1_476' title='bbox 1032 5597 1140 5656; x_wconf 86' lang='lat' dir='ltr'><strong>Vereor</strong></span> <span class='ocrx_word' id='word_1_477' title='bbox 1153 5594 1232 5670; x_wconf 88' lang='lat' dir='ltr'><strong>qaod</strong></span> <span class='ocrx_word' id='word_1_478' title='bbox 1245 5594 1365 5655; x_wconf 76' lang='lat' dir='ltr'><strong>verbera</strong></span> <span class='ocrx_word' id='word_1_479' title='bbox 1378 5611 1436 5653; x_wconf 92' lang='lat' dir='ltr'><strong>non</strong></span> <span class='ocrx_word' id='word_1_480' title='bbox 1450 5594 1638 5670; x_wconf 77' lang='lat' dir='ltr'><strong>prevaleant.</strong></span> 
     </span>
    </p>
   </div>
   <div class='ocr_carea' id='block_1_24' title="bbox 0 0 1957 6084">
    <p class='ocr_par' dir='ltr' id='par_1_64' title="bbox 0 0 1957 6084">
     <span class='ocr_line' id='line_1_121' title="bbox 0 0 1957 6084; baseline 0 0"><span class='ocrx_word' id='word_1_481' title='bbox 0 0 1957 6084; x_wconf 95' lang='lat' dir='ltr'><strong> </strong></span> 
     </span>
    </p>
   </div>
  </div>
 </body>
</html>
