3900 6090
126 280 201 340 rur
530 238 798 372 unorsiurum
820 270 1005 337 uouiaus
1029 271 1425 334 cauoausnuruuusrs
1757 273 1833 336 tiss

125 411 157 466 ln
173 411 326 483 reprobam
341 409 483 467 miserum
496 412 619 465 mortem
635 408 769 464 tradebat
787 411 816 463 ct
831 406 926 463 illurn.
960 407 988 475 Α
1003 406 1057 472 Oai
1073 405 1155 478 prius
1170 409 1326 472 errantem,
1344 421 1397 460 nec
1412 421 1471 460 non
1486 419 1625 477 perversa
1636 402 1800 472 volentem,

126 500 199 555 Nam
216 516 292 566 mox,
310 503 342 554 ut
357 499 458 571 rapido
474 515 562 552 cursu
578 501 750 569 properarat
767 495 827 562 illo,
1004 492 1095 549 Morte
1111 494 1273 566 repentina,
1290 493 1377 551 citius
1392 510 1440 549 me
1456 493 1673 566 praeveniendo,

125 590 187 655 Quo
198 586 321 660 supplex
335 586 438 642 laudes
451 587 574 642 Domino
590 590 774 641 resonaverat
788 587 894 658 Agnes,
1004 582 1104 638 Finem
1121 581 1252 638 stultitiae
1267 581 1446 655 dignabatur
1459 582 1528 638 dare
1543 586 1643 650 tantae,

126 676 228 733 Infelix
243 675 383 731 membris
394 675 553 746 improvisa
565 673 701 731 resolutis
1003 672 1038 726 llt
1053 673 1118 742 post
1132 671 1251 737 erranti,
1264 674 1419 744 promptus
1434 669 1520 726 solito
1536 669 1686 738 misereri,

125 769 225 828 Morte,
241 764 300 818 ruit
316 780 435 835 pronus,
449 762 553 818 Christi
571 764 676 817 virtute
693 765 872 835 peremptus.
1003 758 1133 831 Virginis
1148 759 1267 831 Agnetis
1282 759 1421 832 precibus
1437 760 1495 815 fere
1511 759 1656 815 studiosis

124 857 185 921 Quo
201 856 282 925 pater
297 853 406 920 elidite,
424 852 515 906 miser
530 852 647 906 advenit
661 851 859 923 lacrymando,
1005 847 1143 917 ltlollitus,
1162 866 1280 903 rursum
1294 849 1359 903 vitm
1375 848 1471 903 reddit
1486 853 1673 904 renovatum.

46 945 48 948 ’
124 943 256 1015 Stipatus
271 940 367 996 multe
381 940 556 1012 populorum
573 958 700 1012 naruquo
711 945 834 1007 caterva,
1004 939 1040 991 At
1055 942 1146 1008 pater,
1164 942 1195 992 ut
1210 942 1312 992 nat-um
1329 938 1444 1010 prodire
1458 937 1503 993 sui
1515 938 1693 1005 redivivum,

124 1032 168 1099 Et,
186 1048 248 1086 sese
260 1030 401 1085 nriserum
418 1029 559 1094 clanians,
572 1030 727 1101 spargebat
742 1029 769 1083 in
788 1027 878 1090 altum
1006 1026 1168 1081 Perfectum
1184 1026 1289 1099 specie,
1303 1026 1374 1081 vidit
1388 1025 1567 1099 plenumque
1582 1027 1703 1093 decore,

125 1121 226 1186 Voces,
245 1120 290 1174 bis
306 1122 439 1173 sanctam
455 1118 551 1173 verbis
566 1118 715 1172 causando
728 1117 853 1188 puellam
871 1132 877 1168 :
1005 1113 1157 1169 luteritum
1172 1113 1309 1186 lacrymis
1324 1115 1410 1185 quus
1426 1115 1541 1170 deflevit
1555 1114 1677 1181 amaris,

125 1210 147 1265 0
162 1206 370 1273 muliermala,
388 1206 525 1273 crudelis,
541 1206 586 1260 cui
604 1222 662 1260 non
678 1205 831 1260 muliebris
1006 1203 1072 1257 Mox
1086 1220 1174 1274 super
1189 1203 1307 1259 insolita
1322 1203 1398 1277 signi
1411 1202 1536 1260 novitate
1551 1203 1694 1277 stupendi

125 1296 226 1354 Cordis
242 1296 329 1362 inest,
343 1296 453 1363 feritas,
471 1296 657 1367 nimiumque
668 1298 788 1350 cruento
804 1292 950 1362 voluntas,
1004 1288 1184 1344 Admiranda
1201 1294 1295 1361 pavet,
1311 1289 1377 1346 laeto
1393 1291 1445 1346 sed
1460 1295 1575 1363 pectore
1590 1291 1718 1364 gaudet.

125 1388 249 1457 Corpore
264 1385 320 1439 sub
335 1389 445 1451 tenero,
463 1383 650 1439 frendescens
663 1400 743 1437 more
759 1382 862 1449 ferino,
1006 1377 1089 1433 'lunc
1103 1378 1305 1450 amplectende
1321 1379 1429 1435 collum
1446 1379 1552 1452 pietate
1568 1385 1707 1453 paterna,

125 1474 187 1541 Dic,
200 1490 263 1545 ques
279 1490 369 1528 causa
384 1488 483 1527 meum
499 1472 577 1544 cogit
592 1476 620 1527 te
631 1472 751 1544 perdere
765 1474 879 1538 natum,
1007 1466 1092 1521 Milia
1106 1466 1245 1539 praedulci
1262 1467 1404 1524 libaverat
1418 1467 1519 1524 oscula
1533 1466 1620 1540 proli,

125 1563 177 1619 Cui
194 1563 284 1617 decus
301 1577 387 1616 omne
403 1561 476 1627 suis,
492 1564 521 1616 et
536 1577 604 1632 spes
620 1561 714 1615 fuerat
724 1559 877 1632 genitoris,
1006 1556 1102 1627 Atque
1115 1555 1208 1611 Deum
1223 1572 1324 1611 verum
1340 1555 1473 1612 clamans
1487 1556 1561 1612 dixit
1574 1556 1637 1613 fore
1658 1556 1826 1628 Christum,

117 1651 279 1718 ‘Quondam
290 1650 382 1706 felicis
398 1648 465 1704 talis
480 1650 516 1704 de
527 1648 661 1722 germino
674 1648 775 1720 prolis,
1007 1645 1097 1716 Cujus
1115 1649 1173 1700 tarn
1194 1645 1317 1702 celerem
1333 1646 1526 1719 cognoscebat
1541 1645 1697 1718 pictatem,

125 1740 181 1796 Sed
198 1755 277 1794 nunc
291 1737 385 1794 orbati
400 1738 507 1793 misere
523 1755 575 1810 pro
591 1740 691 1793 funere
707 1737 789 1792 nati?
1008 1733 1099 1806 Cujus
1114 1740 1144 1790 et
1158 1734 1281 1808 imperio
1297 1752 1376 1792 mors
1392 1735 1605 1792 succumbebat
1620 1752 1740 1802 amara,

123 1830 202 1885 110
213 1827 286 1882 Hinc
301 1831 380 1900 patet
392 1843 471 1899 ergo,
483 1831 565 1882 tuam
580 1832 720 1893 mentem,
730 1827 854 1882 nimium
869 1826 952 1881 vitio·
1009 1823 1143 1878 lieddeus
1157 1824 1312 1891 viventem,
1325 1840 1413 1896 quem
1429 1823 1566 1880 sorbebat
1577 1824 1771 1880 morientem.

125 1917 165 1974 De
176 1915 406 1988 rivultsmagicae
419 1915 532 1970 fraudis
544 1915 675 1970 bibulam
687 1915 760 1970 satis
770 1932 844 1978 esse,
865 1915 953 1986 [sam,
1008 1911 1125 1967 Scilicet
1139 1915 1268 1968 astantes
1284 1912 1391 1968 animis
1407 1912 1583 1969 mirantibus
1599 1929 1720 1981 omnes,

126 2005 290 2062 florentem
305 2004 410 2076 primis
426 2003 495 2074 quia
507 2003 581 2058 forte
597 2019 700 2059 nccare
716 2004 771 2058 sub
787 2002 873 2057 annis
1007 1999 1127 2056 'fallunt
1141 2000 1172 2055 in
1185 2001 1290 2056 coelum
1304 2000 1362 2056 laeti
1378 2000 1522 2074 preconia
1537 2000 1675 2072 laudum,

126 2094 282 2149 Subtracta
297 2091 376 2146 dulci
388 2092 527 2161 juvenem
542 2091 602 2148 vita
617 2091 744 2146 valuisti.
1007 2090 1172 2146 Laudantcs
1188 2094 1324 2146 sanctum
1340 2090 1456 2146 Domini
1472 2107 1579 2148 nomen
1595 2090 1805 2147 benedictum.

125 2183 162 2238 At
176 2197 260 2237 sacra
274 2179 413 2235 conviciis
428 2178 508 2252 virgo
525 2197 582 2234 non
600 2179 744 2252 frangitur
760 2180 835 2247 istis,
1007 2177 1066 2233 lloc
1081 2178 1128 2233 vix
1143 2178 1296 2250 pontifices
1312 2178 1423 2234 crudeli
1439 2179 1535 2248 corde,
1552 2179 1697 2247 ferentes,

126 2270 256 2325 Profecto
268 2284 320 2322 nec
337 2284 511 2340 responsum
528 2267 668 2323 reddebat
677 2269 826 2337 acerbum,
1006 2267 1193 2322 commovere
1208 2266 1329 2338 quidem
1345 2284 1403 2323 non
1419 2283 1539 2340 parvam
1554 2267 1747 2337 seditionem,

126 2358 239 2423 Dulcia,
256 2375 317 2424 sex,
332 2372 436 2411 resono
452 2357 632 2428 profundens
647 2356 734 2412 verba
750 2356 857 2430 palato,
1006 2356 1117 2427 Agnem
1133 2355 1317 2429 sacrilegam,
1335 2356 1477 2422 dicentes,
1493 2361 1522 2411 et
1538 2355 1733 2414 scelerosam.

126 2446 201 2503 Dixii
213 2445 347 2511 facunde,
359 2444 432 2500 bene
447 2443 610 2515 composita
621 2443 731 2499 ratione
748 2461 753 2499 :
1006 2443 1103 2498 Occidi
1120 2444 1214 2516 pernis
1230 2444 1318 2500 citius
1329 2445 1434 2501 debere
1449 2445 1592 2514 cruentiS,

126 2537 187 2591 Non
205 2551 257 2607 ego
272 2533 452 2589 causaneois
468 2534 579 2588 fueram
591 2533 691 2603 juveni
709 2534 852 2605 pereunti,
1007 2531 1090 2588 lllius
1105 2550 1195 2590 causa
1209 2533 1279 2606 quia
1294 2538 1496 2606 contemptum
1512 2532 1677 2591 simulacra

104 2623 105 2626 ’
126 2625 183 2681 Sed
198 2622 292 2695 magis
307 2623 369 2694 ipse
385 2621 439 2676 sibi
452 2621 507 2676 fuit
522 2622 657 2677 incensor
671 2621 827 2689 moriendi,
1005 2621 1176 2694 Cunctaque
1191 2638 1343 2678 sacrorum
1360 2626 1531 2694 paterentur
1541 2622 1613 2693 jura
1626 2639 1767 2678 suerum.

126 2711 293 2770 Glorisrearc
309 2711 400 2766 Deum
417 2709 525 2765 stultus
538 2711 607 2782 quia
621 2715 768 2781 spreverat
783 2710 879 2780 illum,
1005 2709 1079 2766 lliuc
1094 2726 1211 2783 praeses,
1228 2716 1350 2766 moestus
1363 2711 1481 2766 turbato
1496 2714 1612 2784 pectore
1628 2711 1739 2779 factus,

13 2791 17 2799 ’
125 2801 223 2858 Gloria
238 2800 361 2856 testifico
377 2800 462 2870 cujus
479 2799 631 2872 praefulget
645 2798 675 2854 in
686 2803 781 2854 antro.
1005 2798 1260 2854 Condoluitsacrra
1276 2799 1411 2856 subtristi
1425 2803 1523 2856 mente
1538 2799 1654 2872 puellae,

125 2890 180 2948 Sed
194 2907 281 2956 nunc,
299 2893 332 2943 ut
344 2889 428 2960 plane
440 2891 499 2943 toto
514 2887 655 2943 clarescat
671 2888 700 2943 in
717 2889 786 2943 orbe
1006 2886 1124 2959 Ignorat
1139 2893 1246 2955 tamen,
1256 2888 1378 2944 omnino
1388 2888 1497 2944 dubius
1513 2905 1603 2961 super
1616 2891 1680 2956 tua,

125 2981 195 3052 lljus
212 2981 361 3051 majestas,
379 2994 431 3033 nec
446 2995 504 3032 non
520 2976 657 3049 praecelsa
672 2981 811 3048 potestas,
1004 2975 1832 3052 1720uidsibisectandumvelquidrestaretegendum,

125 3069 222 3140 Ipsius
238 3084 356 3123 suavem
372 3066 494 3138 supplex
509 3083 559 3122 oro
575 3066 724 3138 pietatem,
1005 3064 1127 3120 Perdere
1142 3083 1199 3121 non
1215 3065 1336 3137 placuit,
1348 3067 1398 3122 sed
1415 3083 1467 3121 uec
1483 3066 1637 3123 defendere
1653 3067 1762 3140 quivit.

125 3157 161 3213 Ut
171 3173 276 3228 eorpus
288 3155 416 3227 rigidum
427 3155 531 3225 jubeat
544 3153 718 3210 recalescere
734 3171 863 3222 rursum,
963 3142 986 3209 C
1006 3154 1137 3208 rlandem
1152 3153 1290 3210 discessis
1305 3170 1441 3222 moercns,
1458 3153 1611 3227 aliumque
1626 3154 1759 3229 reliquit,

124 3248 218 3318 Atque
231 3261 337 3299 novum
353 3243 494 3298 membris
504 3243 653 3297 hominem
670 3247 784 3315 reparet
803 3242 948 3298 redivivis.
1004 3241 1117 3299 ludicis
1132 3242 1228 3299 officio
1244 3245 1378 3299 functum
1393 3243 1508 3299 feritate
1522 3243 1636 3316 lupina,

124 3335 213 3398 Dixit,
228 3338 256 3388 et
271 3336 401 3388 astantes
412 3332 523 3403 regredi
541 3335 715 3402 praeceperat
730 3347 842 3400 omnes,
1004 3331 1057 3397 Qui
1074 3330 1129 3386 fuit
1142 3331 1283 3403 Aspasius
1297 3331 1404 3388 (lictus.
1422 3331 1538 3406 rituque
1552 3336 1709 3405 profanus,

124 3423 160 3477 ut
174 3424 321 3493 prostrata
335 3418 408 3488 solo,
421 3419 604 3490 fundensque
627 3435 726 3490 proces
750 3417 949 3492 lacrymando,
1004 3419 1058 3486 Qui
1075 3420 1149 3474 citus
1159 3421 1301 3492 Agnetem
1316 3421 1417 3494 projici
1434 3423 1571 3495 praecepit
1585 3423 1616 3478 in
1631 3423 1744 3496 ignem,

125 3509 268 3575 Praetori,
286 3509 357 3582 petit
370 3525 387 3563 a
402 3507 524 3562 Domino
540 3507 654 3563 veniam
670 3506 824 3565 sceleroso.
1005 3508 1179 3564 Pontificum
1193 3509 1268 3565 votis
1284 3509 1360 3566 male
1370 3512 1573 3566 concordando
1589 3510 1743 3586 malignis.

124 3598 177 3655 Cui
194 3615 260 3653 mox
275 3596 382 3663 oranti,
399 3596 505 3651 misero
521 3595 668 3667 vitamque
681 3596 823 3667 precanti,
1004 3598 1060 3653 Sed
1073 3615 1179 3671 corpus
1194 3602 1320 3670 castum,
1336 3599 1418 3655 nulla
1433 3600 1467 3655 de
1482 3601 1567 3656 sorde
1583 3600 1743 3674 piandum,

19 3677 29 3689 ⁸
122 3686 250 3759 Angelus
267 3686 409 3751 astiterat,
426 3685 724 3756 procumbentemque
739 3684 863 3753 levabat,
1003 3687 1096 3743 Ardor
1108 3687 1234 3743 carnalis
1249 3689 1327 3759 quod
1343 3705 1401 3744 non
1416 3688 1568 3745 succendit
1583 3690 1708 3760 amoris,

123 3776 258 3832 Prehens
273 3774 427 3846 colloquiis
444 3774 485 3828 illi
502 3774 632 3829 solamen
649 3774 764 3840 amicis,
1004 3776 1083 3849 lguis
1098 3793 1155 3831 non
1172 3776 1246 3832 laesit
1260 3794 1399 3850 praesens,
1417 3795 1469 3834 nec
1484 3781 1604 3853 tangere
1618 3780 1725 3852 quivit.

123 3865 154 3922 Iu
169 3866 315 3937 verboque
329 3863 379 3920 Dei
391 3864 483 3935 jussit
498 3865 603 3918 virtuto
619 3863 740 3934 potenti,
1003 3865 1144 3939 Denique,
1161 3866 1259 3922 divisa
1270 3868 1367 3923 divino
1380 3868 1517 3937 Numine,
1532 3868 1661 3924 flammas

121 3953 303 4010 Exstinctum
317 3952 415 4008 subito
426 3953 498 4007 flatu
513 3952 620 4008 vixisse
634 3956 795 4024 resumpto.
1002 3952 1147 4027 virgineis
1159 3955 1287 4012 tribuere
1296 3955 1394 4012 locum
1404 3956 1542 4029 precibus
1558 3957 1741 4030 spatiosum,

122 4042 188 4108 Oui,
203 4042 291 4096 citius
308 4040 397 4106 dieto,
410 4041 516 4111 jussus
532 4039 658 4096 surrexit
668 4039 705 4095 ab
720 4039 821 4107 humo,
1002 4046 1041 4099 Ac
1056 4049 1291 4116 prorumpentes,
1308 4048 1380 4101 astu
1394 4045 1545 4117 nimioque
1559 4045 1706 4116 furentes,

121 4127 239 4182 Viribus
254 4131 283 4182 et
298 4127 413 4181 cunctis
429 4126 513 4199 plene
528 4126 669 4182 membris
684 4127 840 4199 restitutis,
1004 4132 1133 4188 Perdunt
1146 4134 1309 4202 carnifices,
1326 4135 1437 4190 urendo
1452 4134 1591 4208 primitus
1606 4152 1725 4206 omnes,

121 4219 161 4272 Ac
175 4215 297 4272 laudum
313 4214 413 4270 dulces
429 4232 570 4288 spargens
583 4232 672 4289 super
687 4216 794 4272 athera
808 4233 903 4287 voees,
1002 4222 1085 4290 Hine,
1101 4222 1341 4280 circumstantem
1358 4223 1521 4280 lambentes
1537 4224 1672 4297 undique
1687 4225 1811 4299 plebem,

120 4306 223 4361 Grates
239 4304 377 4361 continuo
389 4304 517 4361 solvebat
533 4306 770 4377 meutejucuuda
1002 4309 1195 4380 lneredulam,
1212 4311 1312 4384 plures
1327 4311 1434 4384 raptim
1447 4319 1574 4368 stravere
1593 4313 1761 4389 plalangcs.

120 4393 238 4450 Christo
253 4393 365 4454 victori¹
378 4393 482 4449 mortis
497 4394 620 4467 tritaeque
635 4395 739 4451 datori.
1001 4399 1069 4454 Sola
1083 4401 1134 4456 sed
1149 4401 1291 4456 immunis
1307 4402 1404 4456 stabat
1420 4401 1469 4474 pia
1482 4401 1563 4474 virge
1578 4400 1700 4471 caloris,

120 4483 190 4540 lnde
201 4484 330 4556 quidem,
345 4483 440 4554 prima
453 4500 574 4554 prorsus
590 4483 684 4539 forma
699 4489 840 4540 revocata.
960 4487 1079 4579 D'lnter
1094 4489 1280 4545 flammarum
1297 4490 1393 4546 crines
1407 4489 1512 4546 ludens
1527 4491 1719 4564 crepitantes,

119 4573 262 4629 Processit
273 4572 365 4653 vivus,
384 4572 433 4644 qui
451 4576 544 4627 morte
560 4572 614 4627 fuit
630 4572 780 4646 religatus,
1001 4577 1157 4649 Oravitque
1172 4577 1265 4634 Deum
1280 4579 1372 4635 versis
1387 4579 1422 4635 ad
1435 4579 1531 4635 sidera
1545 4579 1668 4652 palmis,

66 4690 74 4706 ι
117 4664 221 4734 Atque,
237 4680 290 4717 suo
305 4662 382 4717 tristi
398 4678 428 4717 se
444 4662 644 4733 praesentando
660 4662 783 4734 parenti,
999 4667 1058 4722 Hac
1069 4672 1155 4722 utens
1169 4667 1199 4721 in
1215 4667 1308 4723 fronte
1323 4684 1418 4739 prece,
1435 4666 1638 4724 modulamine
1653 4668 1754 4725 laudis

118 4752 163 4807 Pit
174 4769 219 4807 res
234 4750 392 4824 gaudendi,
409 4750 505 4805 fuerat
519 4751 565 4805 cui
582 4768 672 4806 causa
682 4750 811 4807 dolendi.
999 4755 1192 4828 Omniparens
1203 4755 1290 4812 Verbi
1305 4756 1427 4829 genitor,
1444 4755 1608 4828 mundique
1622 4764 1750 4828 creator,

118 4840 201 4908 Hinc,
218 4841 318 4896 crebro
334 4839 438 4895 ccelum
456 4840 577 4911 pulsans
593 4839 719 4896 clamore
735 4841 926 4911 profundum,
998 4843 1063 4911 Qui,
1081 4860 1147 4899 curn
1163 4842 1269 4899 dilecto
1285 4860 1411 4918 regnans
1422 4849 1498 4900 retro
1509 4848 1646 4917 tempora
1664 4847 1751 4914 Nato,

118 4930 214 4986 Utitur
226 4935 254 4985 et
269 4929 364 4985 verbis
375 4930 502 4984 suadens
518 4928 680 4985 studiosius
696 4928 781 4986 istis:
998 4932 1218 5004 Amborumquo
1233 4937 1374 4988 coeterna
1389 4951 1458 4990 cum
1474 4933 1607 4993 flamine
1621 4952 1721 5004 sacro,

117 5023 190 5076 m
210 5020 331 5086 Credite,
344 5019 465 5074 ltomaui
482 5019 569 5084 cives,
586 5036 666 5091 rogo,
676 5019 784 5074 credite
799 5020 908 5088 cuncti,
998 5021 1090 5094 Digne
1105 5021 1246 5089 laudaris,
1258 5022 1371 5090 coleris,
1387 5022 1545 5090 veneraris,
1560 5024 1685 5093 amaris,

116 5111 187 5166 Esse
204 5109 296 5164 Deum
310 5107 460 5163 Christum
475 5124 635 5179 verumque
651 5107 817 5180 perenuiter
837 5125 942 5177 unum,
998 5111 1039 5166 Το
1055 5110 1150 5166 solum
1166 5110 1265 5180 laudo,
1281 5114 1309 5166 te
1325 5110 1471 5167 laudando
1486 5111 1637 5181 benedico,

117 5199 189 5255 Cum
206 5198 290 5253 Patre
306 5196 492 5266 celsithrono,
502 5213 554 5251 noc
565 5214 623 5252 non
635 5215 702 5252 cum
714 5197 845 5253 Flamina
861 5216 944 5254 sacro
998 5200 1033 5255 ut
1044 5199 1096 5255 tibi
1107 5201 1209 5255 devoto
1225 5203 1322 5273 grates
1339 5199 1469 5271 persolvo
1485 5217 1639 5273 perennes,

116 5288 237 5359 Semper
253 5290 434 5359 regnantem,
450 5290 598 5357 sceptrum
613 5285 735 5358 eoelique
750 5291 908 5355 tenentem,
998 5290 1149 5362 Ejusdem,
1167 5288 1246 5361 quia,
1263 5288 1336 5344 fulta
1350 5289 1393 5345 tui
1409 5289 1575 5347 munimine
1589 5292 1670 5360 Nati,

117 5377 177 5432 Sub
193 5377 302 5431 ditione
318 5393 383 5445 sua,
398 5376 460 5447 qui,
477 5375 674 5447 complectens
690 5375 836 5447 universa,
998 5377 1154 5449 Nunquam
1171 5378 1314 5434 succubui
1325 5378 1469 5450 serpentis
1483 5379 1586 5436 fraude
1598 5381 1721 5452 vetusti,

116 5466 226 5522 Cuncta
240 5463 425 5537 gubernaclis
442 5464 516 5537 regit
534 5465 684 5520 immenso
702 5464 853 5535 bonitatis,
998 5468 1122 5538 Corpore
1137 5468 1187 5522 sed
1204 5471 1296 5536 casto,
1312 5484 1385 5540 puro
1400 5467 1555 5542 cordisque
1570 5476 1698 5541 secreto,
1793 5498 1795 5502 ·

116 5553 168 5614 Hic
183 5558 228 5614 est
241 5553 380 5626 orandus,
395 5552 534 5632 solusque
550 5551 700 5628 colendus,
718 5554 875 5632 amandus,
997 5554 1100 5617 Cernis
1114 5555 1271 5632 spurcitias
1286 5556 1460 5632 pertransivi
1474 5557 1547 5617 beas
1557 5562 1694 5639 cunctas,
