3908 6082
124 282 187 346 793
777 284 826 345 DE
849 282 940 343 l'l'lh
965 278 997 341 S.
1021 279 1181 343 tetiam.
1770 286 1830 350 'ist

124 414 330 488 imperaverat,
347 433 447 472 verum
463 417 551 473 etiam
563 433 630 473 voce
642 417 766 490 supplici
779 417 950 490 postularat.
968 407 995 481 Α
1010 413 1214 471 beatissimum
1229 416 1244 474 J
1249 418 1380 474 alianum
1397 419 1567 476 sacerdotali
1580 415 1671 475 inlula
1681 425 1830 494 comptum

121 503 214 561 Porro
229 505 277 559 illo
288 505 953 578 spretusaperlidis,ecclcsian1intrarit,atquo
1008 523 1075 560 cum
1092 507 1187 562 tribus
1203 508 1375 563 diaconibus
1391 509 1453 564 suis
1469 513 1497 564 et
1507 511 1601 566 tribus
1612 511 1703 567 cercis
1718 510 1832 567 venien·

120 594 356 667 gratiasChristo
368 593 804 666 proacquisitissihianimabus
816 593 951 662 reddidit;
1008 599 1066 651 tem
1084 597 1175 662 adse,
1193 598 1242 668 qui
1265 615 1373 663 cereos,
1390 616 1464 670 quos
1489 601 1654 670 periebant,
1672 604 1833 672 posuerunt

120 683 229 739 deiude
245 683 367 754 propria
379 682 693 755 domusbospitiosese
702 681 954 754 recepit.Cu1nquc
1008 701 1096 756 super
1112 702 1242 740 mensarii
1269 692 1336 741 anto
1360 704 1438 753 erim,
1455 693 1482 741 et
1502 687 1646 744 abierunt.
1664 689 1741 744 Dixit
1764 706 1832 762 crgo

120 773 149 828 ci
167 773 320 844 appositus
336 777 414 827 essct
430 773 525 843 panis,
544 773 728 827 discumbere
745 772 899 838 noluit,srd
911 778 953 826 ta·
1009 774 1165 845 pradictus
1178 775 1317 830 lielensor
1327 776 1362 829 ad
1374 776 1565 831 consedentes
1577 794 1583 830 :
1596 777 1699 831 vidctis
1709 776 1832 848 gloriam

122 861 202 917 citus
217 866 246 915 et
261 877 382 931 gemens
399 862 630 916 inisericordiam
644 862 759 916 Domini
772 862 953 933 opperirilsir)
1009 878 1096 934 quam
1114 881 1166 932 egio
1181 863 1285 918 video?
1300 864 1352 929 Qui
1371 863 1442 918 nibil
1455 881 1487 919 se
1497 863 1592 920 videre
1605 867 1702 920 testati
1715 868 1834 922 suntalt

123 950 224 1021 caepit.
242 950 324 1004 Tunc
338 965 417 1019 vcro,
432 952 595 1005 secundnm
613 950 685 1006 servi
707 949 755 1005 Dci
782 956 880 1005 retum
903 967 954 1005 an·
1010 950 1057 1006 illo
1073 952 1317 1023 dixittb'omquid
1329 953 1688 1025 nonhicvidistispatrem
1700 959 1833 1010 nostrum

125 1036 219 1112 gelice
248 1038 412 1093 ministerio
442 1038 517 1093 ostia
550 1038 675 1097 earmris
704 1044 803 1111 aperta
831 1044 900 1095 sunt
928 1043 956 1094 ct
1009 1039 1834 1111 Julianum,quilotbonancibisostendit,tot1uiraculis

126 1132 303 1183 cunctorum
318 1131 426 1182 catenae
443 1127 596 1182 confracta
613 1132 691 1195 sunt,
704 1128 772 1183 athi
789 1130 838 1200 qui
854 1129 884 1183 in
896 1146 957 1183 car·
1009 1128 1185 1184 laetificarit?
1201 1131 1272 1184 llcce
1289 1130 1366 1184 enim
1383 1148 1462 1185 nune
1478 1147 1544 1184 cum
1556 1132 1651 1186 tribus
1662 1132 1835 1188 diaconibus

126 1215 274 1272 conalibus
296 1215 475 1288 privatisque
499 1217 627 1272 tenebris
651 1218 827 1285 residebant,
845 1219 955 1289 absque
1010 1217 1113 1273 suiset
1130 1217 1225 1272 tribus
1238 1218 1328 1273 cereis
1344 1219 1401 1273 huc
1417 1225 1483 1275 acite
1494 1237 1540 1274 mo
1551 1222 1675 1287 sinnitet
1686 1220 1835 1277 letissimo

126 1305 259 1362 humane
276 1304 382 1360 auxilio
399 1306 434 1360 ad
450 1322 638 1361 communem
655 1307 712 1362 diei
733 1307 828 1363 luceru
846 1308 955 1379 egressi
1010 1305 1093 1362 rultu
1119 1307 1275 1362 subridens
1298 1308 1446 1363 benedixit
1472 1326 1535 1376 nos,
1553 1310 1720 1383 relictisque
1744 1311 1835 1368 cereis

127 1398 209 1450 sunt.
236 1392 289 1449 Per
312 1394 443 1449 medium
470 1410 537 1466 ergo
560 1394 697 1463 civitatis,
719 1396 835 1451 nemine
858 1395 956 1468 prohi·
1011 1394 1163 1451 abscessit.
1181 1395 1263 1450 Unde
1278 1413 1329 1468 pro
1345 1403 1423 1453 certo
1440 1398 1510 1464 scio,
1528 1399 1597 1471 quia
1610 1398 1745 1471 migravit
1759 1419 1836 1456 asa-

127 1482 226 1549 beutc,
241 1482 353 1553 absque
373 1482 556 1538 vinculorum
581 1501 667 1539 onere
693 1485 786 1541 sancti
809 1485 862 1539 viri
888 1501 955 1540 con·
1011 1483 1087 1539 culo.
1102 1485 1136 1538 ut
1152 1484 1247 1552 nobis,
1260 1502 1333 1556 quos
1344 1486 1486 1558 corporali
1502 1489 1655 1559 praeseutia
1667 1489 1833 1562 dereliquit,

126 1571 278 1643 spectihus
297 1588 361 1627 sese
377 1570 518 1627 obtulere.
534 1575 571 1626 nt
586 1572 633 1628 illc
658 1574 790 1645 gaudens
814 1575 843 1628 in
860 1573 957 1628 Domi·
1012 1573 1152 1629 beneficia
1168 1573 1285 1646 pietatis
1301 1592 1360 1630 sua
1376 1575 1475 1631 virens
1491 1577 1519 1630 in
1536 1576 1652 1633 Christo
1668 1578 1836 1651 impendere

126 1677 164 1716 uo
176 1662 242 1732 jam
258 1659 341 1716 latus
357 1661 456 1715 cibum
479 1661 601 1733 aceepit,
619 1667 647 1717 et
671 1679 743 1733 quos
769 1663 872 1718 merito
897 1662 957 1719 sol·
1012 1678 1165 1734 nunquam
1182 1663 1318 1719 cessabit.
1335 1665 1497 1737 surgamus
1513 1682 1591 1739 ergo,
1606 1667 1680 1722 etad
1697 1667 1836 1740 sepelicn·

124 1752 219 1816 verat,
237 1748 330 1804 sancti
350 1749 438 1804 etiam
464 1750 585 1803 convivii
611 1750 832 1821 participatione
857 1751 955 1806 donat.
973 1785 997 1849 B
1012 1751 1837 1828 dumpiissimummagistrumnostrumquantociuspro·

127 1836 187 1893 Nec
203 1837 260 1892 fuit
275 1838 324 1909 qui
339 1837 489 1892 absolutos
501 1844 653 1910 repeteret,
671 1855 738 1894 cum
755 1839 959 1895 manifestissi·
1013 1857 1160 1912 paremus,
1179 1845 1211 1895 ut
1226 1857 1292 1895 eum
1309 1858 1475 1897 mercamur
1491 1843 1656 1913 abjutorcm
1679 1843 1786 1900 hahere
1806 1845 1836 1900 in

127 1942 176 1981 me
199 1925 255 1981 hoe
279 1926 381 1980 divina
410 1926 528 1982 virtutis
558 1927 697 1998 potentia,
715 1945 772 1983 non
794 1928 957 1983 humanum
1013 1927 1480 2001 codisquemsulutisdoctorem
1502 1930 1661 1987 habuimus
1686 1932 1835 1990 interris.

127 2013 272 2070 auxilium
288 2019 388 2070 sancto
405 2014 506 2070 antisti
521 2014 703 2072 contulisset.
1013 2016 1079 2073 Hae
1095 2033 1127 2072 co
1144 2017 1268 2087 dicente,
1282 2035 1384 2073 omnes
1404 2019 1541 2074 admirati
1567 2024 1653 2089 sunt;
1669 2021 1837 2094 pariterque

454 2156 474 2211 C
482 2156 568 2213 ΜΤ
589 2157 625 2213 W
1013 2111 1167 2178 surgentes
1178 2106 1213 2161 ad
1224 2107 1377 2178 exsequias
1386 2108 1480 2163 sancti
1490 2107 1663 2166 festinanter
1669 2115 1835 2167 accurrunt.

433 2257 437 2265 .
475 2194 488 2267 ᾗ
628 2198 634 2212 “
1012 2195 1268 2261 Jamrero,utdo
1293 2195 1418 2252 Martiae
1444 2195 1494 2251 illo
1520 2198 1693 2269 pontificum
1719 2200 1837 2271 speculo

336 2255 584 2323 S·J¹‘l²⁰'²²m⁰²⁹⁸⁸
601 2256 752 2327 mullum·
1012 2284 1130 2356 legitur,
1161 2282 1343 2356 impossihile
1371 2283 1450 2339 dictu
1476 2290 1520 2340 est
1548 2291 1658 2358 quanta
1684 2287 1837 2344 hominum

163 2370 210 2426 29.
228 2370 360 2426 Plantata
392 2371 483 2444 igitur
515 2372 545 2426 in
579 2389 653 2444 pago
687 2371 880 2429 Cenomanico
914 2373 957 2428 di·
1014 2372 1839 2446 multitudoconrencrit,curictiexagrisetvicis,non·

128 2459 190 2514 vini
215 2457 312 2514 cultus
337 2459 432 2529 vinea,
448 2460 621 2532 abrasisque
636 2461 671 2515 de
686 2477 721 2517 ea
745 2461 889 2518 idolorum
914 2480 958 2518 er·
1014 2459 1087 2516 nulli
1104 2460 1191 2516 etiam
1208 2477 1241 2515 ex
1256 2460 1359 2515 vicinis
1375 2461 1492 2516 adsuere
1508 2463 1645 2520 castellis.
1663 2465 1736 2521 Hinc
1760 2465 1837 2538 psal·

128 2564 291 2619 rerumque
319 2547 453 2602 omnium
483 2548 610 2616 tribulis,
640 2554 758 2622 tempus
786 2551 959 2607 imminebat
1014 2549 1136 2604 micinas
1153 2546 1326 2604 elericorum
1342 2548 1837 2621 phalanges,illincsacrarumvir·

129 2653 188 2710 quo
218 2636 322 2692 heatus
349 2636 396 2691 ille
427 2636 554 2708 agricola
583 2637 713 2694 fructum
742 2639 781 2711 pii
811 2639 959 2696 lahorisa
1013 2637 1116 2711 ginum
1133 2654 1190 2709 pru
1207 2636 1387 2709 parcimonia
1402 2642 1505 2692 turmae
1517 2638 1744 2710 pallentes,hinc
1755 2642 1838 2715 plebs

130 2724 258 2781 Domino
273 2741 325 2780 suo
346 2727 547 2797 percepturus,
564 2725 600 2780 ab
626 2725 692 2782 istis
716 2729 867 2799 presentis
893 2729 958 2783 vitae
1015 2727 1127 2781 urbana
1140 2725 1289 2781 nobilibus
1301 2725 1614 2795 consertariris,illinc
1627 2746 1733 2786 manus
1744 2748 1838 2804 agres-

131 2813 257 2886 laqucis‚
270 2814 306 2869 ad
322 2817 430 2869 retorna
445 2813 513 2868 salix
523 2813 642 2869 deberet
653 2816 846 2871 conscendere
856 2832 956 2887 regna.
1012 2816 1051 2871 tis
1068 2813 1177 2870 sanctis
1193 2815 1270 2870 beati
1284 2815 1338 2869 viri
1354 2814 1536 2871 famulantur
1550 2817 1706 2889 exsequiis.

129 2903 232 2974 ltaque
248 2902 462 2974 propinquante
478 2903 638 2958 vocationis
654 2919 713 2957 sue
730 2903 787 2971 dic,
799 2903 909 2959 secedit
921 2905 958 2959 ad
1048 2906 1092 2958 31.
1110 2903 1165 2959 Sed
1182 2904 1299 2974 nequis
1325 2905 1397 2959 sorte
1424 2909 1582 2973 mereatur,
1599 2907 1678 2978 quod
1702 2906 1838 2966 Julianus

129 2990 498 3063 vicum,inquonuncll.
516 2991 658 3046 Martialis
683 2990 806 3047 ecclesia
831 2992 887 3048 sita
902 2999 956 3050 est.
1014 2992 1139 3048 Martiae
1168 2993 1486 3064 aequiparaverimqui
1517 2993 1571 3049 hoc
1599 2994 1683 3064 dicis,
1707 2996 1731 3052 si
1761 3003 1838 3055 recte

129 3079 956 3153 lnquocumpluribusdcgeretdiebus,etinstantercoe·
1013 3097 1187 3154 percenseas
1202 3098 1275 3153 pene
1291 3080 1400 3136 similia
1421 3082 1457 3137 ab
1483 3085 1608 3154 utroque
1633 3088 1715 3156 potes
1740 3087 1838 3144 videre

129 3167 212 3227 lestis
227 3169 292 3225 vitae
307 3171 481 3225 ducediuem
497 3170 559 3226 suis
576 3170 744 3242 propinaret
760 3170 955 3242 auditoribus,
972 3148 993 3214 C
1014 3168 1166 3240 completa.
1176 3169 1423 3225 liar-tinusadhuc
1432 3170 1681 3228 cathechumenus
1692 3173 1837 3248 algentem

129 3256 958 3330 levitactusincommodo,latusetalaccrpraestolahatur
1012 3275 1170 3330 pauperem
1194 3259 1288 3313 divisa
1312 3256 1457 3314 chlamida
1481 3259 1613 3328 vestivit,
1630 3259 1767 3318 Julianus
1782 3264 1838 3321 lide

129 3345 838 3418 horamqualahorumcertaminumquesuoium
851 3349 958 3421 reposi·
1012 3347 1150 3402 robustus
1166 3351 1208 3401 tot
1224 3345 1317 3401 millia
1332 3351 1455 3402 veterem
1481 3347 1631 3405 hominem
1656 3355 1753 3420 exuta,
1771 3353 1838 3409 fidei

131 3442 193 3493 tam
206 3453 224 3491 a
235 3437 317 3508 justo
329 3435 425 3507 jucicc
441 3435 582 3507 reciperet
596 3435 783 3491 eoronamlit
795 3436 864 3508 quia
876 3437 958 3494 navis

129 3529 239 3583 sanctu
258 3524 393 3580 Ecclesia
409 3525 519 3595 absque
543 3524 739 3595 gubernatore
762 3541 813 3595 per
837 3524 958 3598 pelagus

129 3614 222 3686 hujus
237 3612 341 3668 mundi
357 3630 414 3668 non
432 3618 544 3685 poterat
564 3613 728 3683 enavigare,
746 3612 845 3668 sedem
870 3613 925 3668 sibi
941 3631 959 3670 a

129 3704 189 3761 Deo
204 3703 452 3770 commendatam,
470 3719 536 3757 curn
553 3701 703 3756 communi
720 3701 788 3757 cleri
805 3701 958 3777 plebisque

129 3792 264 3859 oonsilio,
280 3795 380 3847 sancto
397 3790 539 3864 delegavit
553 3789 683 3856 Turihio,
695 3807 782 3863 quem
793 3791 958 3862 adjutorem

128 3886 158 3937 et
172 3881 285 3937 socium
297 3881 326 3934 in
338 3884 445 3935 sancte
457 3877 671 3952 praedicationis
682 3883 804 3934 eatenus
815 3878 958 3936 habuerat

128 3970 235 4029 ulcio.
255 3970 335 4024 Idem
351 3969 429 4024 enim
445 3967 584 4024 Turibius
599 3966 771 4039 presbyterii
787 3967 882 4022 officio
893 3967 958 4041 glo·

129 4059 227 4115 riosus
242 4073 309 4113 cum
321 4059 351 4114 S.
365 4058 481 4113 Paralia
492 4056 613 4111 diacono
624 4057 661 4111 ad
672 4055 857 4111 revelandam
872 4056 960 4112 Ceno-

130 4146 324 4203 manensihus
339 4144 448 4202 Christi
464 4145 599 4217 gratiam,
617 4151 649 4200 ut
666 4144 848 4217 abantiquis
864 4161 961 4202 susce·

130 4236 241 4308 pimus,
252 4251 352 4290 comes
367 4240 395 4290 et
410 4234 528 4304 adjutor
538 4234 567 4289 S.
580 4231 865 4288 Juliauealtomana
877 4234 960 4290 urbis

130 4323 264 4381 antistite
279 4323 445 4379 destinatus
459 4327 513 4378 ast.

167 4410 959 4483 30.Cleriosissimusigiturpastorcommuniomnium

1012 3439 1091 3491 veste
1107 3434 1245 3490 cenarit.
1263 3434 1408 3490 Martinus
1428 3437 1522 3506 primo
1547 3437 1709 3495 solitariam
1732 3439 1839 3514 delegit

1012 3523 1114 3590 vitam,
1132 3529 1165 3578 ut
1179 3523 1288 3579 Christi
1303 3521 1458 3578 dulcedine
1473 3524 1663 3596 singulariter
1683 3527 1837 3586 frueretur.

1012 3611 1149 3666 Julianus
1169 3616 1301 3682 apertam
1325 3611 1445 3682 expetiit
1470 3627 1611 3683 pugnam,
1629 3618 1661 3669 ut
1677 3615 1837 3673 multorum

1014 3700 1129 3756 animas
1144 3698 1318 3754 lucraretur.
1332 3700 1476 3754 Martinus
1492 3699 1528 3753 ad
1544 3700 1745 3773 episcopatum
1757 3706 1840 3761 a'luss

1014 3788 1188 3843 renensibus
1205 3791 1306 3859 raptus
1318 3791 1379 3853 est;
1395 3785 1531 3842 Julianus
1542 3787 1839 3848 Cenomanensihusa

1014 3877 1072 3932 Deo
1088 3877 1227 3948 pontifex,
1244 3875 1376 3948 quinimo
1392 3879 1421 3930 et
1436 3874 1596 3947 apostolus,
1609 3876 1773 3934 destinatus
1783 3885 1837 3936 est.

1015 3962 1551 4020 lllartinusrirtuteTrinitatislleifica
1559 3964 1646 4019 trium
1654 3969 1837 4024 mortuorum

1014 4057 1059 4109 est
1075 4054 1250 4126 magnificus
1265 4053 1440 4108 suscitator:
1453 4051 1589 4110 Julianus
1610 4053 1732 4112 totidem
1745 4057 1781 4112 ad
1797 4058 1838 4113 vi·

1014 4147 1074 4197 tam
1086 4159 1224 4197 revocans
1241 4146 1382 4209 mortuos,
1399 4140 1484 4196 toties
1500 4142 1605 4197 mortis
1613 4143 1725 4199 exstitit
1734 4144 1835 4201 victor.

1016 4231 1131 4286 Martini
1149 4246 1255 4302 corpus
1268 4229 1287 4284 ii
1300 4229 1349 4302 qui
1360 4229 1451 4285 ductu
1463 4230 1523 4301 (ab,
1537 4230 1669 4303 inductu)
1681 4233 1744 4302 ejus
1756 4251 1839 4288 mun·

1015 4320 1085 4375 dum
1102 4318 1229 4374 vicerant
1244 4324 1463 4390 prosequuntur
1479 4336 1485 4373 :
1502 4319 1611 4374 Juliani
1634 4320 1780 4391 exsequiis
1796 4320 1837 4388 hi,

1015 4408 1065 4480 qui
1086 4424 1118 4463 co
1144 4407 1217 4461 (luce
1239 4404 1368 4461 coelestia
1387 4405 1450 4476 jam
1480 4407 1628 4472 tenebant,
1646 4404 1836 4462 famulantur.

131 4497 959 4572 allectus(al.,evectus)cousensu,fratresilliesqoesuos
974 4513 997 4578 Ι)
1015 4497 1088 4563 Quid
1105 4495 1209 4567 plura?
1226 4494 1280 4550 Uni
1296 4494 1365 4566 Regi
1382 4493 1557 4562 militarunt,
1575 4494 1627 4549 uui
1642 4493 1764 4550 Domina
1775 4512 1839 4550 scr-

130 4593 244 4657 evocat,
255 4593 285 4645 et
300 4589 472 4662 consignato
485 4580 766 4657 suecessore,o'c·ulis
776 4605 809 4643 ac
821 4589 958 4643 manibus

130 4678 163 4735 iu
178 4677 286 4734 coelum
302 4677 431 4745 elevatis,
448 4675 615 4732 diutissime
630 4676 740 4748 gratias
756 4682 888 4750 agenset
901 4677 958 4733 eol·

130 4766 259 4823 laudans
273 4765 443 4831 Dominum,
455 4781 591 4837 ovesque,
604 4781 678 4838 quas
693 4764 807 4822 Christo
820 4767 960 4838 acquisic-

131 4859 189 4922 rat,
205 4853 301 4911 eidem
322 4871 440 4910 summo
464 4852 574 4926 pastori
597 4854 817 4921 commendans,
833 4854 917 4912 latus
932 4859 961 4912 ct

130 4941 959 5014 alacerbeatismeritisditatumcaloreddiditspiritum.

130 5034 195 5099 Ouo
210 5029 341 5086 calestia
351 5048 440 5103 regna
456 5035 581 5102 petente,
596 5029 644 5085 ille
658 5029 723 5100 ojus
739 5029 842 5085 merito
856 5031 961 5087 lideict

130 5122 278 5178 bonorum
294 5112 413 5176 actuum
439 5120 650 5175 dilectissimus
675 5118 825 5184 Defensor,
840 5119 884 5173 vir
898 5119 958 5191 glo-

131 5210 241 5277 mosas,
251 5227 378 5282 praesens
388 5228 445 5265 non
454 5215 525 5276 orat,
534 5209 584 5264 sed
594 5209 658 5280 ejus
670 5206 848 5262 sanctissimi
861 5208 959 5263 obitus

130 5299 183 5355 tali
200 5299 293 5354 ordini
310 5298 444 5371 cognorit
460 5298 547 5353 diem.
566 5297 691 5352 Sedente
707 5311 739 5351 eo
756 5295 790 5350 ad
813 5311 957 5363 mensam,

131 5386 225 5460 aperti
242 5392 311 5443 sunt
326 5385 537 5442 intellectuales
553 5385 628 5440 oculi
652 5385 725 5455 ejus,
743 5389 771 5438 et
798 5400 863 5439 ecce
887 5384 960 5440 sidit

167 5496 207 5565 (7)
222 5494 300 5548 Sarte
310 5489 958 5565 purissimusariiirisilluncouium,ipsamque

130 5561 958 5637 Cenomanorumcpiscopalcmurbcmalluit;acdcin.uti

1012 4586 1138 4651 cierunt,
1155 4600 1212 4638 uno
1228 4581 1339 4654 Spiritu
1350 4581 1523 4638 sanctificati
1534 4586 1614 4646 sunt,
1625 4598 1715 4654 supra
1725 4587 1837 4656 petram

1015 4674 1104 4730 unius
1120 4674 1187 4728 lidei
1203 4671 1318 4727 fundati
1334 4677 1414 4727 sunt.
1431 4671 1531 4725 Restat
1543 4686 1610 4742 crgo
1627 4674 1660 4726 ut
1674 4688 1728 4743 par
1742 4670 1781 4727 sit
1795 4672 1838 4729 eis

1015 4764 1108 4818 honor
1123 4765 1151 4817 et
1160 4761 1253 4835 gloria
1267 4777 1341 4832 quos
1355 4760 1474 4814 iirtutis
1488 4758 1562 4813 actio
1584 4774 1668 4829 pares
1683 4759 1714 4815 in
1729 4759 1838 4816 Christi

1015 4850 1167 4908 constituit
1182 4848 1349 4922 disciplina.

1050 4943 1095 4996 32.
1112 4941 1171 4995 lloc
1187 4939 1278 5010 igitur
1292 4934 1370 4991 beati
1384 4934 1435 4990 viri
1452 4951 1557 5007 corpus
1581 4953 1648 4991 cum
1673 4937 1709 4993 ad
1734 4938 1837 4993 urbem

1016 5029 1164 5100 propriam
1179 5027 1392 5097 clepiorturetur,
1407 5028 1526 5079 ventum
1552 5029 1596 5080 est
1618 5025 1653 5080 ad
1679 5027 1836 5083 transitum

1014 5119 1105 5181 llurii,
1121 5116 1167 5170 cui
1182 5118 1269 5169 Serta
1284 5110 1506 5183 (dracolenum
1520 5113 1837 5171 estllddoclarandum

1014 5224 1082 5280 ergo
1098 5203 1198 5276 quanti
1216 5201 1311 5256 meriti
1327 5205 1405 5256 essct
1419 5201 1504 5272 cnjus
1520 5200 1648 5273 reliquiae
1671 5203 1838 5259 serebantur

1014 5292 1148 5366 equi,qni
1165 5290 1296 5345 lecticam
1310 5294 1477 5345 sanctarum
1489 5291 1643 5361 gestabant
1653 5292 1836 5348 exuviarum·

1014 5383 1125 5439 ceteris
1139 5380 1186 5433 vix
1200 5376 1398 5447 enatantibus
1411 5378 1486 5432 inter
1502 5379 1596 5434 undas
1611 5377 1721 5435 validas
1731 5384 1760 5436 et
1771 5399 1836 5454 pro-

1014 5496 1042 5547 et
1055 5488 1149 5551 tedia,
1167 5485 1316 5540 lloditana
1335 5483 1482 5549 misectur,
1501 5487 1550 5556 qui
1568 5487 1596 5541 in
1613 5485 1740 5558 Ligerim
1760 5486 1836 5561 inira

1012 5562 1234 5633 Andagarorum
1250 5555 1351 5611 urbem
1367 5555 1472 5623 inlluit,
