3908 6082
134 188 207 283 ‘oar

147 441 227 514 plere
238 443 399 499 decreveris
411 445 488 516 quod
500 445 693 517 spopondisti,
705 447 797 501 aderit
807 464 922 520 quoquc
933 449 972 504 di-

147 530 215 587 vina
230 531 395 599 clementia,
411 549 474 604 qua
492 533 543 587 libi
560 533 656 589 adhuc
671 535 766 590 valeat
781 536 873 592 multo
900 556 971 609 prm·

148 625 227 678 sture
241 622 362 694 majora.
375 622 447 676 Nam
458 638 511 695 rgo
525 623 560 677 ad
575 622 713 690 latereni,
727 624 827 680 adhoc
843 628 972 700 peregri·

148 711 295 767 nationem
312 715 424 765 tantam
440 711 604 783 assumpsi,
619 716 650 766 ut
661 729 712 783 prr
722 730 768 768 mc
780 715 861 770 veliis
877 720 973 786 pateat

148 797 370 871 coelcstisJanna
383 800 503 872 regnih
518 798 647 871 principe
657 800 854 871 apostolorum
864 804 972 862 missus

148 887 253 944 salutis
269 893 369 943 restra
389 889 505 960 negotia
535 904 703 959 prcmemror,
719 896 883 946 vestrarum
899 909 970 963 gau·

148 977 219 1032 dens
230 976 312 1031 lucra
327 976 492 1030 animarum
509 994 616 1047 qnam.
629 978 709 1032 Tunc
723 983 813 1048 pater,
830 985 858 1035 ct
874 983 970 1036 cerructi

147 1065 970 1138 quiurlerarrt‚rrnzrniniitorprofitentur,abdicatisidolis,

146 1152 206 1209 veri
219 1152 269 1208 Dei
287 1154 400 1208 saturus
416 1169 447 1209 sc
463 1170 526 1208 csse
550 1152 684 1216 cultores,
702 1156 725 1209 si
752 1155 775 1210 is
793 1158 841 1228 qui
856 1159 973 1228 jacebat

148 1242 409 1312 exanimis,spiritn
428 1242 577 1305 redeunte,
589 1248 803 1297 monstraretur
817 1251 881 1315 post
894 1265 972 1302 lnoc-

148 1334 208 1384 tem
219 1330 254 1384 ad
268 1347 391 1403 superos
402 1347 487 1403 posse
498 1329 650 1400 respirare.
663 1331 735 1386 llinc
745 1338 865 1390 sauctus
880 1337 974 1406 ponti·

146 1418 310 1490 l'ex‚plenus
322 1435 438 1490 semper
447 1419 608 1473 visceribus
620 1421 747 1490 pictatis,
764 1421 791 1476 id
804 1424 880 1494 quod
893 1428 971 1495 pcte-

146 1507 235 1563 batur
249 1523 301 1580 pcr
326 1506 467 1580 Spiritum
498 1506 636 1580 intelligit
658 1510 848 1581 operandum.
865 1511 971 1568 lterum

147 1612 223 1669 genu
237 1596 320 1662 llexo,
332 1595 530 1652 inorationem
548 1595 651 1651 ‹livina
668 1598 812 1669 majestati
829 1600 972 1673 supplica-

145 1687 230 1741 turus
259 1684 342 1740 humi
372 1685 578 1757 prosternitur,
594 1690 622 1742 ot
636 1685 818 1743 Christianos
844 1690 971 1760 quitum

145 1772 218 1829 torte
232 1775 315 1845 pauci
332 1773 490 1828 admodum
508 1790 629 1829 numero
641 1776 772 1843 aderant,
790 1776 868 1832 idern
880 1779 972 1834 facere

145 1862 219 1916 votis
231 1861 398 1917 coelestihns
409 1861 594 1933 premunivit
605 1863 682 1932 (forte
694 1864 867 1935 premonuit)
879 1888 888 1933 ;
904 1884 971 1922 cum

146 1949 277 2004 oratione
292 1948 406 2020 expleta
415 1954 550 2004 mortuus
562 1955 679 2020 repente
695 1949 774 2006 vitali
792 1952 860 2008 llatn
877 1971 971 2010 mem-

147 2037 209 2092 hris
225 2037 402 2103 concutitur,
419 2042 506 2107 atquo
520 2037 555 2092 ad
572 2038 665 2093 sancti
695 2038 747 2092 viri
769 2040 925 2112 imperinm
941 2043 971 2098 in

147 2126 236 2197 podes
248 2125 380 2198 erigitur,
395 2128 422 2180 et
438 2126 551 2181 cunctis
567 2125 783 2182 admirantibus
803 2131 876 2201 patri
892 2131 970 2188 inco-

146 2212 393 2297 lumisrcdditur.

466 2364 581 2420 CAPUT
607 2366 649 2422 ll.

146 2491 225 2566 chcd
248 2491 283 2546 ad
311 2492 542 2547 resuscitatorem
568 2494 658 2563 pueri.
676 2506 766 2547 omrai
787 2509 848 2565 prm
870 2497 969 2568 paratio

179 2564 244 2632 ltere
258 2565 393 2635 ceperim,
410 2562 480 2618 etde
495 2563 560 2640 lecta
585 2563 736 2634 pccautc'hea
759 2564 806 2620 atri
820 2567 911 2636 sacrat
923 2568 969 2624 de·

178 2642 298 2706 paullus.

179 2796 262 2854 Tunc
276 2793 405 2851 unhcrsi
420 2794 470 2866 qui
487 2795 523 2849 ad
539 2794 594 2850 hoc
610 2795 809 2867 spectaculum
829 2815 968 2855 convene·

143 2890 219 2956 rant,
227 2884 385 2940 manifesta
398 2883 447 2938 hei
463 2882 569 2938 virtute
580 2883 648 2938 llere
659 2900 715 2956 pra
727 2885 845 2955 gaudio,
862 2903 968 2944 nomen

141 2973 249 3030 Christi
266 2975 296 3027 in
311 2988 466 3027 commune
481 2971 575 3036 latori,
592 2975 621 3026 et
635 2971 718 3026 illum
745 2989 802 3042 pne
831 2976 969 3033 omnihus

141 3077 205 3118 esse
222 3060 389 3124 colendum,
402 3060 452 3131 qui
468 3059 583 3114 cunctis
597 3059 771 3116 mortalibus
786 3062 966 3134 spiraculum

140 3149 205 3204 vita
216 3148 338 3215 dedit,et
348 3151 415 3218 post
429 3146 549 3202 lethalia
564 3146 667 3202 lunera
682 3152 965 3223 mortuorum,spiri-

141 3240 191 3293 tus
216 3235 339 3308 imperio
367 3239 491 3301 coercet,
508 3238 595 3306 atquc
615 3234 732 3303 iterum,
749 3253 817 3292 cum
831 3238 963 3309 voluerit,

140 3324 276 3381 redivivis
287 3323 457 3396 corporibus
469 3324 504 3378 ad
517 3340 638 3395 superos
649 3325 776 3380 revocari
783 3327 965 3397 jubet.Tunc

139 3412 235 3470 fidelis
263 3411 379 3468 Domini
408 3411 543 3467 sacerdos
563 3411 598 3466 ad
616 3411 824 3469 resuscitatum
840 3430 964 3487 puerum

139 3517 297 3559 conversus
314 3517 320 3554 :
338 3499 458 3567 Accede,
486 3499 592 3571 inquit,
618 3499 749 3572 propius,
766 3504 796 3556 et
809 3519 861 3573 per
875 3506 965 3562 temet

138 3606 242 3647 enarra
257 3588 427 3662 parcntibus
442 3587 512 3660 quid
528 3587 645 3653 rideris,
662 3587 704 3644 vol
721 3590 770 3645 ubi
786 3590 961 3659 lauriacum

137 3679 193 3737 ctis
207 3678 295 3735 simul
307 3682 440 3750 patenter
456 3677 585 3733 ostende.
603 3678 684 3732 'l'mrc
696 3677 753 3745 illc,
763 3684 796 3733 ut
810 3696 910 3736 recens
926 3683 961 3738 ab

136 3766 384 3841 infcrisprodieus
400 3768 560 3823 emerserat
575 3765 699 3837 umbris,
716 3767 750 3821 ad
768 3771 872 3823 nutum
884 3771 961 3824 anti-

135 3857 213 3913 stitis
223 3874 274 3914 ora
286 3855 443 3923 resolvens,
455 3860 543 3927 atquo
555 3872 571 3910 a
581 3858 680 3910 tenero
696 3859 811 3927 pectore
826 3855 884 3912 alta
899 3877 962 3915 sus

135 3943 210 4017 piria
224 3944 355 4013 trahens,
371 3943 461 3999 libero
478 3942 565 4014 coepit
580 3943 692 3999 edicere
716 3942 787 4015 quid
803 3943 830 3998 in
848 3945 960 4002 interno

134 4033 249 4105 positus
263 4032 307 4087 vcl
324 4036 455 4087 senserat
469 4030 513 4087 vel
528 4032 649 4087 vidisset
662 4051 668 4099 ;
682 4031 775 4087 multa
789 4032 922 4090 videlicet
932 4041 961 4090 ot

134 4119 582 4175 innumerabiliatormentorum
595 4121 790 4191 garrera,inter
800 4126 960 4180 tartaraeos

135 4208 217 4282 ignes
229 4207 442 4262 flammivomos
452 4209 549 4280 rigere
560 4214 719 4278 serpentes,
729 4209 889 4267 immensas
901 4228 960 4269 reo·

133 4312 200 4352 rum
211 4294 417 4352 multitudines
432 4295 553 4352 diversis
566 4295 718 4368 suppliciis
730 4299 958 4371 mancipatosac

133 4384 307 4442 miserorum
317 4384 438 4458 spiritus
447 4385 524 4440 inter
532 4384 667 4440 tlammas
679 4390 706 4440 ot
717 4386 825 4458 frigora
834 4393 958 4445 coarcta·

132 4478 178 4532 tos
190 4474 316 4531 stridore
331 4474 464 4541 deficere,
481 4478 568 4545 atquo
584 4489 617 4529 ex
633 4490 685 4529 suo
702 4474 815 4531 delectu
831 4477 866 4531 ad
884 4478 957 4533 redi·
973 4466 996 4532 ll

131 4563 194 4620 viva
208 4563 315 4619 iterum
331 4563 467 4619 incendia
483 4562 624 4629 renovari,
641 4564 692 4618 uhi
715 4563 749 4617 ad
771 4564 860 4620 vitam
877 4567 957 4623 nulle

129 4652 376 4724 recuperatio,scd
390 4651 523 4707 omnium
538 4650 681 4706 honarum
693 4651 875 4719 oblirie,sola
888 4671 956 4725 pre-

129 4739 256 4795 sentium
273 4755 426 4810 panarum
441 4737 646 4794 inenarrabilis
662 4739 954 4813 cruciatic;adquam

127 4824 189 4899 ipse
200 4844 316 4899 quoque
331 4845 380 4883 rex
390 4832 418 4883 et
430 4828 540 4900 regina,
557 4843 718 4898 omnesque
739 4828 788 4898 qai
799 4834 954 4898 presentes

127 4916 260 4985 aderant,
276 4915 377 4988 procul
394 4917 483 4972 dubio
497 4920 596 4972 essent
611 4916 789 4987 perventuri,
806 4915 861 4972 nisi
878 4918 953 4974 beati

126 5003 270 5061 antistitis
298 5004 385 5061 dictis
406 5009 435 5060 ct
451 5003 535 5060 lactis
560 5004 723 5070 crederent,
740 5009 769 5059 et
783 5003 953 5061 Christiane

125 5090 193 5147 tldei
208 5090 284 5149 colla
297 5094 501 5165 subjugarent,
511 5108 601 5163 seque
614 5090 713 5163 ipsum
729 5092 764 5147 ad
781 5093 884 5150 cadem
896 5111 954 5167 poe·

126 5195 231 5235 narum
248 5179 311 5235 loca
325 5181 485 5238 deductum
501 5186 646 5253 perpetue
663 5180 861 5239 damnationis
877 5187 953 5239 teue-

124 5265 186 5324 bris
200 5268 292 5325 luisse
309 5269 555 5342 deputatum,nisi
568 5268 643 5325 beati
656 5269 830 5326 contessoris
842 5271 949 5328 Christi

123 5354 210 5412 citius
221 5356 392 5413 intercessio
408 5357 601 5423 subvenisset,
614 5374 678 5428 qua
694 5374 761 5413 cum
777 5375 794 5412 a
810 5359 947 5432 malignis

120 5443 274 5515 spiritibus
289 5452 376 5518 atquc
388 5445 424 5501 ab
441 5445 634 5501 infernalibus
659 5445 795 5503 claustris
810 5447 943 5521 eriperet,

115 5534 146 5596 a
162 5533 198 5589 ad
215 5549 335 5603 superos
351 5539 506 5591 revocaret.

701 224 867 288 ausoris
889 224 1106 290 uunvnnsts
1131 228 1295 293 lentius

147 356 233 420 trem,
250 369 356 425 corpus
372 353 503 410 examine
526 355 603 426 quod
627 357 735 427 petisti.
752 357 781 413 Si
800 364 897 413 tamen
913 358 967 413 hn-
982 359 1009 425 A

1794 229 1858 293 628

1317 401 1319 404 -
1354 363 1469 420 CAPUT
1491 364 1521 419 X.

1028 459 1111 528 Quod,
1126 479 1210 533 puero
1222 462 1361 534 baptisato,
1379 478 1469 517 caraea
1485 461 1577 518 instato
1591 464 1750 535 projiciunt,
1767 473 1793 520 et
1807 464 1855 520 lra-

1062 535 1196 603 ptr'smatis
1220 542 1418 589 accrementum
1434 537 1620 590 incommune
1647 537 1813 608 suscipiant,
1829 545 1855 593 ct

1064 608 1190 687 urruatnu‘
1207 608 1307 662 caloio
1330 605 1418 661 sertem
1445 608 1624 678 episcopalem
1638 607 1669 661 lt.
1683 607 1855 689 llpnsuetam

1062 684 1237 732 eucratitaaat.

1064 774 1126 827 lla=c
1138 773 1177 828 ita
1188 780 1216 829 ct
1232 775 1315 846 plura
1331 775 1438 831 similia
1455 783 1627 847 prosecutus
1639 777 1672 831 ad
1686 779 1775 849 pedes
1791 796 1855 834 san-

1027 862 1064 915 cti
1080 863 1282 934 gerriehumlus
1298 881 1371 935 puer
1385 865 1596 931 substernitur,
1612 871 1641 920 et
1655 866 1733 921 sonte
1749 866 1853 922 salutis

1027 950 1106 1005 ahlui
1122 951 1273 1006 humiliter
1283 969 1316 1006 ao
1327 953 1428 1007 devote
1439 953 1600 1024 profitetur.
1621 955 1734 1009 Patrem
1749 971 1782 1010 ac
1796 972 1854 1011 ma·

1027 1043 1102 1094 trem
1118 1045 1294 1112 catenasque
1310 1058 1433 1112 quorum
1451 1040 1603 1096 sollicitior
1618 1043 1721 1111 luerat,
1732 1044 1853 1099 utidern

1027 1127 1155 1183 lacerent
1170 1129 1243 1184 votis
1258 1133 1286 1183 et
1301 1129 1421 1184 nranitis
1438 1129 1545 1200 qrribus
1562 1134 1674 1200 poterat
1698 1131 1852 1199 suadebat,

1028 1216 1126 1271 dicens
1143 1234 1230 1271 suurn
1247 1216 1412 1288 pontitirem
1431 1235 1446 1271 a
1463 1218 1520 1272 llco
1551 1218 1642 1273 luisse
1671 1219 1852 1274 destinatum

1027 1304 1136 1370 urhi,in
1149 1305 1274 1361 salutem
1291 1305 1402 1360 venisse
1420 1305 1542 1372 ciuilius,
1554 1311 1698 1376 pastorem
1716 1312 1853 1362 sanctum

1027 1393 1193 1449 animarum
1205 1399 1345 1450 rectorem
1357 1397 1444 1466 atque
1460 1394 1610 1449 custodem
1623 1394 1719 1450 divina
1731 1395 1854 1468 disposi-

1027 1481 1105 1537 tione
1116 1487 1144 1538 ot
1154 1482 1315 1554 apostolica
1330 1482 1515 1537 institutione
1531 1481 1654 1537 eloctum
1669 1500 1675 1549 ;
1691 1483 1778 1554 cujus
1794 1484 1854 1556 ipsc

1027 1575 1056 1626 ct
1069 1573 1129 1626 tota
1139 1573 1336 1626 communiter
1345 1570 1449 1626 civitas
1461 1569 1622 1627 salvaretur
1632 1572 1854 1629 adrentu.'l'unc

1027 1657 1117 1731 igitur
1130 1658 1207 1714 inter
1223 1660 1310 1714 rerba
1326 1660 1452 1732 pneri,et
1467 1658 1718 1715 evidentissimam
1731 1661 1855 1718 resusci-

1027 1747 1145 1803 tationis
1156 1749 1220 1819 rjus
1230 1747 1379 1813 uirtutem,
1391 1752 1478 1802 tantm
1488 1747 1623 1804 novitatis
1636 1748 1754 1805 insolite
1765 1749 1852 1806 mira-

1026 1835 1091 1892 culo
1101 1837 1255 1909 stupefacti
1268 1853 1380 1901 omnes,
1392 1837 1524 1892 videntes
1535 1837 1723 1894 manifestam
1736 1839 1788 1896 Dei
1800 1840 1853 1895 vir·

1024 1929 1127 1992 tutem,
1138 1926 1183 1980 cui
1196 1926 1331 1980 resistere
1345 1930 1374 1980 ct
1389 1925 1418 1979 in
1435 1925 1532 1996 aliquo
1549 1927 1749 1983 contradicere
1767 1944 1849 1983 nemo

1025 2030 1126 2069 corum
1156 2018 1278 2086 poterat,
1295 2013 1373 2068 idola
1400 2018 1555 2085 respuunt,
1580 2031 1646 2069 aras
1668 2016 1851 2084 subvertunt,

1025 2108 1145 2172 cunctus
1156 2101 1263 2158 diaboli
1275 2103 1407 2157 cilicinas
1419 2106 1617 2174 prosternunt,
1630 2110 1659 2159 ot
1671 2122 1778 2162 manus
1789 2123 1852 2179 pro·

1024 2192 1175 2248 tendentes
1186 2191 1291 2246 Christi
1304 2207 1409 2246 nomen
1426 2192 1622 2247 conrmuniter
1638 2190 1809 2261 inclamare,
1824 2199 1852 2252 et

1025 2279 1126 2336 laudes
1142 2281 1171 2334 in
1189 2279 1260 2335 calo
1273 2296 1429 2351 personare
1454 2285 1610 2351 ceperant.
1627 2280 1738 2338 Deinde
1765 2282 1852 2341 claris

1023 2367 1851 2444 vociliuscrumpentes,haptismatissac1·amentum,quod

1024 2458 1105 2530 prius
1117 2458 1304 2530 pertinaciter
1315 2458 1499 2524 recusabant,
1516 2457 1668 2513 humiliter
1685 2476 1789 2516 omnes
1804 2479 1851 2518 ex·

1024 2547 1182 2618 postulunt
1193 2547 1273 2600 Tunc
1285 2563 1351 2600 vcro
1362 2546 1525 2601 secundum
1538 2545 1713 2603 catholicam
1725 2549 1852 2624 discipli·

1024 2653 1092 2692 nam
1108 2653 1126 2690 a
1140 2636 1224 2690 heato
1240 2634 1371 2689 antistite
1400 2637 1506 2690 sancte
1531 2634 1597 2690 fidei
1619 2635 1753 2709 regulam
1769 2639 1851 2712 prius

1023 2724 1129 2791 edocti,
1147 2740 1180 2778 ac
1195 2722 1301 2778 deinde
1315 2723 1441 2795 gratiam
1461 2723 1648 2796 baptismatis
1663 2729 1735 2780 sunt
1749 2743 1851 2784 conse·

1023 2814 1147 2881 cuti,rcx
1157 2812 1269 2868 scilieet
1280 2817 1309 2868 at
1320 2812 1431 2884 regina,
1443 2813 1598 2885 omnisque
1612 2829 1715 2869 eorum
1727 2815 1850 2880 familia,

1023 2902 1119 2958 omnis
1134 2900 1270 2956 militaris
1285 2900 1365 2967 ordo,
1383 2901 1520 2956 universa
1547 2902 1726 2958 rusticorum
1754 2903 1852 2962 multi·

1022 2992 1103 3059 tudo,
1120 2997 1149 3046 ot
1164 2991 1273 3046 lactum
1290 2995 1334 3045 est
1348 2991 1489 3062 gaudium
1509 3005 1648 3062 magnum
1666 2991 1695 3046 iu
1714 2991 1765 3048 illa
1781 2977 1850 3050 ciri-

981 3096 1003 3165 c
1022 3087 1090 3137 tato.
1107 3082 1190 3136 'lanc
1209 3080 1305 3135 omnis
1320 3078 1543 3135 candidatorum
1561 3079 1656 3147 turba,
1673 3084 1704 3135 ct
1717 3081 1850 3141 coelestcs

1021 3175 1050 3228 in
1062 3170 1146 3227 laude
1159 3169 1263 3224 Christi
1275 3167 1849 3243 cohortes,novumredemptionisgenus

1020 3259 1127 3330 aclepti,
1145 3260 1295 3312 etvetusto
1307 3255 1427 3327 anguini
1446 3257 1585 3329 tegminis
1598 3255 1846 3332 squalorsexspo·

1018 3350 1092 3415 liati,
1117 3347 1247 3403 divinam
1276 3347 1436 3419 potentiam
1465 3347 1657 3412 admirantes,
1673 3351 1704 3402 et
1717 3346 1843 3421 gloriosa

1018 3438 1094 3495 beati
1110 3433 1254 3492 Mansueti
1270 3434 1375 3490 merita
1390 3434 1546 3507 magnifice
1560 3435 1764 3506 predicantes,
1778 3438 1842 3509 pari

1017 3531 1082 3583 voto
1093 3525 1214 3598 parique
1231 3540 1375 3579 consensu
1392 3528 1528 3579 sanctum
1544 3523 1639 3578 virum
1651 3524 1847 3582 totiusllcclo

1017 3617 1065 3672 sia·
1082 3630 1232 3671 sunnnnm
1249 3618 1391 3669 rectorem
1403 3611 1559 3685 eliguntac
1570 3615 1845 3685 pastoremjustnm

1016 3721 1090 3770 esse,
1108 3703 1157 3776 qui
1172 3703 1208 3757 ad
1226 3701 1316 3757 totius
1332 3701 1432 3772 populi
1453 3700 1579 3756 salntem
1608 3706 1739 3769 venerat,
1753 3704 1847 3760 totius

1015 3792 1154 3848 electione
1169 3788 1267 3862 populi
1295 3789 1420 3860 pastoris
1433 3790 1502 3858 jura
1519 3793 1628 3844 teneret
1642 3808 1649 3855 ;
1666 3806 1700 3844 ac
1716 3789 1760 3845 sic
1776 3791 1846 3846 uni-

1013 3881 1088 3936 versi
1110 3879 1317 3941 acclamantes,
1334 3877 1412 3931 hunc
1442 3895 1505 3933 csse
1535 3878 1668 3949 dignum,
1685 3876 1765 3934 hunc
1780 3896 1846 3937 esse

1014 3968 1186 4041 gloriosum,
1196 3966 1273 4021 huno
1287 3983 1337 4037 por
1347 3966 1446 4020 omnia
1456 3965 1571 4021 civibus
1582 3966 1770 4039 profuturum
1787 3985 1844 4024 nen

1009 4058 1073 4128 J'am
1085 4056 1169 4127 (lilasi
1181 4055 1381 4126 peregrinum,
1391 4054 1441 4108 sed
1453 4059 1594 4126 tanquam
1612 4059 1761 4126 pastorem
1780 4073 1846 4128 pro·

1013 4146 1110 4217 prium
1121 4142 1287 4214 apostolica·
1303 4142 1471 4213 prcel‘ultum
1484 4143 1634 4214 privilegio
1645 4141 1842 4216 dignitatis,in

1013 4233 1111 4290 sedem
1127 4234 1260 4287 statuunt
1277 4229 1453 4302 pontificalis
1470 4231 1600 4287 honoris.

1331 4327 1447 4383 CAPUT
1475 4328 1519 4383 ltl.

1013 4428 1092 4502 Quod
1106 4444 1156 4483 rur
1171 4429 1199 4481 in
1210 4443 1301 4482 omncs
1314 4442 1373 4482 caaz
1387 4425 1501 4481 (titionis
1513 4433 1602 4498 partes
1617 4428 1715 4484 salatia
1730 4430 1843 4487 valum

1047 4501 1344 4624 crraarrtiuripasscrr't,
1361 4505 1387 4553 et
1400 4497 1471 4568 quod
1491 4499 1521 4551 n.
1538 4498 1692 4554 llcnscetaa
1714 4500 1804 4570 ripale
1816 4511 1845 4559 et

1048 4572 1215 4626 uirtutibus<
1234 4571 1371 4635 eluamus,
1387 4569 1456 4623 dicar
1487 4569 1611 4624 dutitiam
1637 4573 1711 4625 latre
1738 4575 1842 4630 caenia

1046 4642 1123 4697 artis
1137 4647 1357 4698 construxerant.

1045 4741 1127 4795 ‘l'cnc
1141 4756 1190 4793 rex
1208 4742 1237 4794 et
1258 4736 1407 4809 principes
1435 4738 1499 4809 ejus
1520 4738 1583 4809 jam
1613 4737 1758 4795 catholica
1783 4741 1841 4798 ddc

1009 4827 1133 4890 fundati,
1155 4844 1206 4898 pcr
1235 4843 1337 4881 omnes
1368 4826 1580 4884 dominationis
1610 4844 1669 4882 suae
1697 4830 1840 4887 terminos

1008 4914 1093 4988 longe
1105 4915 1219 4986 latcrruc
1235 4914 1356 4969 verbum
1372 4913 1477 4984 salutis
1494 4914 1608 4973 cunctis
1623 4914 1730 4973 inscrrc
1742 4917 1840 4988 preci·

999 4990 1103 5076 piant,
1116 5004 1156 5058 ita
1166 5001 1296 5059 volentes
1309 5001 1499 5077 nolentesque
1515 5008 1565 5059 aut
1580 5021 1646 5060 vere
1662 5011 1838 5062 convertan-

1007 5096 1064 5160 tur,
1080 5095 1132 5148 aut
1156 5092 1251 5164 patria
1270 5090 1480 5163 propellantur,
1498 5109 1550 5147 nec
1566 5090 1646 5147 ullus
1661 5092 1738 5148 intra
1752 5093 1838 5150 relin-

1007 5186 1114 5254 quatur
1129 5180 1177 5253 qni
1193 5185 1244 5236 aut
1259 5197 1317 5234 non
1330 5180 1557 5251 baptizeturaut
1568 5197 1625 5234 nun
1641 5180 1838 5251 baptizandus

1006 5272 1041 5326 ud
1055 5271 1140 5325 tidem
1154 5269 1314 5325 imbuatur.
1332 5268 1380 5323 Sic
1396 5268 1485 5341 igitur
1500 5268 1543 5323 rir
1559 5267 1609 5324 oei
1625 5267 1736 5324 clectus
1750 5269 1836 5342 prius

1003 5359 1122 5431 quidem
1135 5358 1232 5413 ltorna·
1244 5358 1399 5429 episcopus
1411 5363 1599 5413 consecratus
1611 5375 1618 5424 ;
1631 5361 1786 5430 postrero,
1803 5359 1833 5417 in

999 5447 1095 5503 verbis
1106 5445 1338 5517 precedentibus
1350 5450 1438 5515 patet,
1448 5445 1577 5516 generali
1588 5445 1768 5518 populorum
1783 5464 1833 5504 ca·

998 5535 1171 5592 clamatione
1188 5534 1281 5606 signis
1298 5536 1386 5604 atque
1400 5532 1541 5607 prodigiis
1556 5533 1593 5591 ad
1610 5533 1753 5605 pontificii
1767 5535 1835 5594 cul·
