3900 6090
561 257 821 333 'uendentem
843 262 1022 330 uelsuoet
1043 262 1373 333 Abueurlueusm.

624 545 933 637 SUSPIRIUM
960 518 1318 635 uuuuussuum
1365 496 1373 503 ’

258 677 320 740 Seu
332 675 522 757 soliloquium
535 682 563 734 et
577 674 672 735 oratic
685 669 728 734 ud
740 671 835 733 Deum
850 688 911 752 quu
925 667 1062 731 utebatur
1077 670 1189 752 quoties
1203 679 1355 733 cantantes
1369 671 1401 733 iu
1414 670 1543 734 eeclesiis
1555 671 1683 737 audebit.

152 874 286 943 Domine,
298 872 348 947 qui
364 888 396 930 es
411 870 543 928 omnium
555 869 605 943 qui
619 869 662 925 tui
673 884 737 927 esse
746 867 941 936 contendunt,
954 868 982 936 Α
996 866 1071 934 Quid
1082 865 1159 924 scis?
1168 868 1289 934 Quando
1299 883 1343 925 me
1352 874 1491 942 agnosco,
1502 867 1674 944 ingemisce,
1686 871 1739 927 aut
1749 869 1824 929 bec:

118 983 206 1041 quem
217 963 315 1024 omnis
328 965 417 1029 amat,
429 961 480 1034 qui
491 960 560 1028 seit,
575 964 603 1016 et
613 976 671 1015 nen
682 962 762 1015 amat
772 959 822 1031 qui
836 957 943 1027 nescit3

118 1061 147 1113 ut
160 1053 263 1122 nescit,
275 1052 325 1126 qui
341 1068 398 1108 uon
418 1055 508 1106 emat.
525 1049 566 1105 Du
582 1048 665 1118 mihi,
682 1052 715 1104 ut
734 1048 862 1105 nescium
878 1064 941 1117 me,

119 1150 148 1200 tu
166 1146 265 1200 autem
289 1141 382 1198 scium
403 1144 432 1195 et
456 1155 552 1194 umen.
568 1136 672 1203 Velim,
698 1135 830 1204 Domino,
858 1136 944 1206 scire,

119 1231 188 1305 quid
205 1232 253 1296 eit,
270 1228 489 1293 temerasset,
506 1234 532 1282 et
544 1227 660 1282 exsultet
674 1232 756 1292 terrtz,
771 1236 805 1280 uc
820 1241 943 1295 sequen·

118 1322 169 1378 tiu.
181 1320 256 1388 Quid
282 1317 372 1385 uliud,
386 1317 521 1372 tutentur
535 1314 608 1382 cmii,
622 1314 678 1369 nisi
693 1313 839 1370 exsultent
848 1312 943 1384 justi?

118 1410 266 1482 Scriptum
290 1411 361 1464 est:
385 1406 528 1461 tumrnint
551 1406 581 1459 in
603 1404 728 1470 bernice,
753 1411 779 1459 ct
799 1403 942 1469 exsultate,

112 1500 192 1573 justi.
217 1497 372 1556 candeant
397 1494 482 1568 justi,
513 1493 602 1550 fleant
629 1490 743 1564 injusti.
769 1490 844 1557 Ouid
868 1490 943 1565 ego?

118 1589 220 1658 butor,
237 1602 274 1645 un
298 1583 373 1641 fleo?
395 1583 458 1639 Neu
482 1580 574 1649 lutor,
600 1580 670 1653 quia
695 1596 753 1636 non
778 1578 895 1635 coel'um.
912 1578 943 1637 Si

116 1673 223 1733 emtum
237 1688 344 1740 essem,
355 1670 523 1746 gauderem.
533 1668 607 1726 Cum
617 1671 716 1725 autem
731 1683 779 1725 me
793 1666 941 1740 dejiciam,

116 1764 282 1830 dilacerem,
296 1764 325 1818 et
340 1761 370 1816 in
386 1759 512 1816 nibilum
527 1757 669 1831 redigam,
682 1758 822 1830 Quoniam
834 1758 943 1828 sugtttae

116 1862 169 1910 tuae
182 1853 277 1924 tufi-w
290 1857 356 1907 suut
368 1848 449 1917 mibi,
465 1850 498 1904 tu
513 1845 619 1914 eleves,
631 1849 660 1902 et
674 1843 846 1914 consolaris,
858 1848 887 1902 et
901 1845 943 1901 di·

116 1940 158 1998 cis
173 1956 182 1997 t
198 1939 322 1996 Ecsuttet
345 1946 428 1995 terra.
445 1935 561 1993 Gratias
580 1950 645 2008 ago.
661 1931 739 2000 scie,
753 1937 832 1989 terra
856 1950 941 2004 sum·,

116 2029 168 2087 sed
181 2035 213 2086 tu
229 2031 312 2100 potes
327 2027 420 2082 iacere
436 2025 541 2081 eoetcm.
558 2023 609 2080 Sut
623 2021 707 2093 mibi,
722 2023 845 2079 demtus
857 2030 940 2093 terra,

116 2116 225 2185 dixisti,
242 2117 368 2176 tutentur
390 2114 462 2171 euti.
477 2111 655 2183 Adjunxisti,
672 2119 698 2168 et
719 2111 835 2168 exsultet
856 2118 940 2184 terra,

115 2205 270 2265 letificasti
291 2203 389 2270 coeIos,
406 2200 574 2260 consolatus
599 2217 630 2256 es
654 2205 773 2256 terrum.
790 2200 865 2269 Dixi,
882 2217 939 2258 uon

114 2295 205 2352 luter.
224 2294 360 2350 Peccator
381 2292 435 2348 hec
455 2291 524 2360 dixi,
541 2291 577 2345 de
596 2305 656 2345 uteo
671 2288 745 2357 dixi3
762 2290 811 2346 sed
837 2288 873 2346 de
896 2298 941 2348 tce

114 2384 189 2441 dicis
208 2383 332 2439 &enitet
354 2385 441 2448 terru,
457 2383 486 2436 et
510 2378 649 2451 quoniam
673 2385 751 2433 tuum
773 2376 940 2450 letificasti,

112 2489 206 2530 mecm
216 2470 351 2545 mentiar,
363 2472 392 2526 et
401 2467 554 2526 exsultem.
566 2467 716 2523 Exsultem
728 2471 826 2522 autem
837 2473 862 2522 te
872 2465 942 2540 quia

115 2555 234 2637 propter
247 2568 282 2627 te,
293 2564 323 2615 ct
337 2558 367 2614 in
383 2566 408 2615 te
421 2557 576 2632 gaudeam.
588 2556 633 2611 Tu
647 2554 709 2628 ipse
725 2555 783 2610 scis
798 2554 823 2610 ei
837 2571 939 2627 mmm,

998 957 1116 1029 quando
1133 965 1157 1014 te
1171 974 1307 1030 agnosco,
1325 957 1466 1031 resipisce
1485 964 1515 1015 ct
1534 958 1657 1032 respiro.
1673 959 1720 1017 Me
1734 959 1836 1017 ιιιέιιῗηι

998 1046 1162 1115 contristat,
1179 1040 1276 1103 movet
1294 1061 1328 1102 ec
1349 1047 1501 1117 perturbat
1518 1063 1526 1103 ι
1542 1055 1621 1104 tuum
1643 1046 1827 1119 consolatur,

998 1133 1120 1202 stabilit,
1136 1133 1275 1190 laetificat.
1292 1134 1346 1190 Per
1359 1152 1403 1191 me
1415 1136 1503 1204 cad0;
1518 1152 1571 1209 per
1584 1139 1613 1193 te
1631 1153 1679 1194 me
1692 1152 1827 1194 resurre-

998 1227 1114 1279 cturum
1131 1223 1202 1278 scio.
1214 1224 1287 1289 Quia
1299 1240 1346 1280 me
1358 1240 1496 1280 casurum
1512 1223 1584 1294 scio,
1599 1242 1658 1281 uon
1671 1224 1756 1282 luetur
1770 1242 1829 1284 (ιω-

997 1309 1071 1379 lum,
1083 1312 1161 1384 quud
1177 1316 1222 1367 eet
1237 1312 1470 1380 firmamentum,
1485 1313 1557 1386 quia
1577 1330 1624 1370 me
1642 1318 1827 1373 resurrectu-

998 1418 1063 1458 rum
1080 1417 1175 1474 spero.
1192 1401 1315 1458 Eusuttu
1337 1408 1421 1469 terra,
1437 1419 1502 1475 qum
1524 1407 1570 1460 est
1592 1401 1730 1473 lutilatio,
1746 1404 1829 1463 dieat

997 1489 1148 1562 propbeta,
1165 1489 1243 1547 dicat
1257 1489 1422 1564 psalmista,
1439 1495 1468 1548 et
1480 1504 1537 1549 nes
1552 1492 1708 1549 dicemus:
1726 1493 1830 1552 Μάι-

997 1585 1043 1634 tur
1056 1574 1129 1646 coets',
1142 1579 1259 1635 exsultet
1271 1587 1355 1635 terra.
1369 1579 1400 1636 Si
1415 1579 1526 1637 arbiter
1539 1579 1604 1637 coeli
1618 1579 1692 1651 vult,
1703 1597 1828 1641 curnem

995 1667 1112 1725 exsultet
1125 1671 1217 1724 terret
1235 1668 1360 1725 Eesutm
1377 1675 1459 1738 terre,
1476 1669 1554 1742 quod
1569 1668 1627 1727 sibi
1641 1668 1723 1727 vult?
1745 1670 1828 1730 tues

997 1755 1060 1823 tute,
1075 1763 1178 1814 mentes
1199 1757 1318 1814 leudem.
1335 1757 1399 1815 Non
1421 1755 1528 1830 jubilo,
1545 1773 1604 1815 nen
1626 1755 1726 1816 laudo.
1742 1758 1828 1819 Gur?

996 1844 1141 1912 Quianon
1167 1862 1234 1903 sum
1258 1862 1347 1913 meres,
1363 1845 1448 1904 vellis
1476 1863 1555 1917 sum,
1579 1851 1717 1921 peccator
1741 1864 1825 1908 sum.

995 1932 1073 1990 Dixit
1097 1934 1170 1991 mibi
1199 1935 1288 2003 Deus,
1305 1935 1395 2005 Quare
1418 1952 1533 1994 mmrrus
1551 1938 1677 2012 fustibus
1699 1955 1776 1997 m
1796 1949 1828 2000 κ

995 2025 1114 2079 assumis
1125 2031 1313 2082 testamentum
1327 2041 1418 2084 meum
1431 2043 1481 2099 per
1490 2042 1519 2086 ce
1529 2029 1673 2086 uumtet
1681 2028 1826 2101 questam

995 2111 1172 2185 precipitur,
1189 2115 1279 2171 omnis
1296 2117 1412 2187 spiritus
1431 2115 1523 2174 butu
1540 2116 1706 2186 deminutum
1719 2126 1746 2176 a
1759 2120 1827 2193 quie

995 2201 1127 2257 Dominus
1138 2203 1237 2269 veniet,
1252 2211 1278 2259 et
1288 2219 1441 2276 pauperum
1453 2208 1568 2263 suerum
1581 2204 1763 2266 ’κίκι-ώσω
1771 2208 1825 2281 ju·

996 2288 1064 2358 bilo,
1076 2293 1105 2346 et
1117 2289 1215 2360 leude,
1228 2296 1315 2364 atque
1331 2309 1389 2348 non
1400 2291 1555 2351 obliviscar
1568 2294 1654 2368 cnjus
1669 2293 1758 2365 illud,
1767 2297 1826 2355 mt-

994 2380 1108 2436 serents's
1132 2380 1190 2437 Dei.
1208 2379 1332 2448 i'ietum,
1353 2385 1516 2454 peccatum,
1537 2383 1630 2441 risum
1654 2384 1726 2441 scuit
1750 2385 1824 2444 mihi

995 2465 1083 2523 Deus.

625 2789 988 2878 ERKEMBALDI
1015 2789 1301 2883 ΡΟΕΜΑΤΙΑ

857 3056 1042 3128 Epigramma.

609 3180 633 3233 Α
647 3178 731 3236 nubis
746 3180 848 3236 oculus
859 3181 941 3252 justu
955 3180 1031 3239 liber
1044 3182 1099 3239 iste
1114 3187 1235 3240 uocatus

611 3266 767 3339 Segnibus,
782 3284 814 3323 ac
830 3266 922 3341 pigris
937 3268 1066 3342 plurimu
1079 3270 1181 3328 cluusu
1194 3272 1282 3328 videt.

857 3420 1048 3485 tetrastichon.

612 3543 705 3601 Verux
718 3544 763 3601 vir
775 3544 872 3619 gaude
885 3545 1029 3607 virtutum
1044 3553 1172 3607 stemma
1186 3555 1306 3608 tucrum

612 3633 656 3692 Τιι
671 3648 793 3691 securus
808 3633 877 3704 eris,
894 3635 964 3708 quic
978 3640 1057 3697 certe
1072 3636 1146 3697 calle
1160 3638 1253 3699 viabis
1269 3656 1276 3697 ε

610 3724 647 3778 At
661 3722 711 3795 qui
727 3723 862 3781 mentiris
879 3725 937 3785 cito
953 3731 1019 3799 Post
1033 3727 1144 3786 suctum
1158 3728 1294 3801 capieris,

611 3810 726 3869 Fellens
742 3811 838 3869 fullaci
853 3813 997 3875 sistendo
1013 3814 1121 3875 femine
1137 3814 1234 3873 suitur.

542 4058 801 4194 LEGES
845 4058 1397 4200 MUNICIPALES

947 4252 1006 4299 UAS

502 4338 794 4403 reuertentibus}
815 4252 985 4407 clvlrdtt
1007 4344 1126 4408 DEDI'I'
1147 4345 1438 4411 ERKEMBALDUS

762 4444 957 4518 (Grundidier,
974 4448 1042 4507 dist.
1058 4449 1091 4509 de
1104 4450 1288 4529 Strusbeurg.)

913 4556 1073 4571 ὴ

256 4645 323 4692 MC
345 4644 422 4692 sudu
443 4642 518 4689 JURA
541 4641 579 4688 ΕΤ
601 4640 692 4688 Leues
715 4608 870 4692 ctvtrtrts
892 4645 1134 4695 substituemus
1154 4644 1194 4694 ΒΕ
1216 4648 1293 4695 ΡΑΟΕ
1315 4648 1347 4695 ΙΝ
1369 4648 1514 4699 elstret!
1535 4647 1681 4698 ΤΕΝΙΙΒΑ

621 4722 659 4768 ΕΤ
680 4723 720 4769 ΝΕ
742 4724 840 4772 erent
864 4726 922 4774 VEL
942 4719 1064 4776 meruit
1086 4728 1321 4777 tureouucutuu

152 4843 174 4904 1·
189 4842 233 4903 Ᾰῦ
247 4843 372 4902 ffirmflm
396 4838 521 4899 aliarum
543 4838 695 4896 civitatum
718 4838 749 4895 in
773 4856 807 4898 eo
832 4840 942 4901 bonore
957 4843 979 4915 (1
998 4844 1028 4901 in
1043 4848 1111 4903 eum
1127 4846 1249 4903 tbtnum
1262 4837 1379 4904 mittut:
1391 4834 1531 4906 obe'dibr'rs
1545 4832 1644 4905 tunitii
1659 4832 1689 4905 ’ὀὶ
1702 4828 1827 4920 purkbh

117 4932 236 4993 conditu
249 4937 294 4991 est
306 4930 477 5007 argentina,
495 4933 528 4987 ut
549 4927 749 4987 omnishomo
770 4934 830 4988 taur
845 4936 941 4991 extru-

997 4933 1034 4990 ad
1046 4933 1194 5007 Juetitium
1209 4934 1323 4993 existat.

117 5041 190 5082 neus
205 5039 295 5098 quam
311 5020 450 5096 indigena
464 5035 566 5092 pucem
581 5017 612 5075 in
622 5034 657 5076 ea
671 5018 751 5076 omui
768 5024 900 5095 tempere
914 5025 944 5080 et
1033 5023 1082 5080 111.
1094 5023 1185 5081 Nemo
1195 5023 1327 5097 predam,
1338 5030 1390 5083 uut
1400 5025 1512 5084 [tartum
1522 5025 1553 5083 in
1563 5026 1628 5084 calb
1638 4998 1827 5097 'inducam

117 5114 153 5173 ab
168 5112 308 5173 omnibus
325 5110 432 5168 hebeat
447 5109 497 5185 (1).

997 5126 1168 5171 conservare
1183 5112 1299 5186 uudeut,
1315 5114 1373 5172 nisi
1393 5112 1563 5175 redditurus
1583 5113 1730 5174 utronea
1743 5108 1843 5179 dmi·

152 5202 188 5261 11.
205 5200 236 5261 Si
252 5200 320 5278 quie
333 5198 403 5258 teris
417 5196 580 5274 peccaverit
589 5198 619 5256 et
628 5196 665 5254 eb
676 5195 769 5273 culpe
785 5203 897 5275 metum
911 5200 942 5256 in
999 5191 1150 5273 querenti.
1554 5272 1558 5285 Ι
1792 5264 1818 5287 :¹-

116 5289 310 5366 cumtugerit,
322 5303 445 5349 securus
455 5287 485 5345 in
496 5303 531 5345 ea
543 5289 671 5345 muneut.
683 5280 789 5346 bellue
803 5287 945 5348 violenter
1034 5288 1080 5349 IV.
1096 5288 1202 5350 Nullus
1227 5279 1375 5368 captivum
1397 5266 1576 5365 introducet,
1596 5288 1654 5352 uisi
1676 5276 1830 5368 praedest

138 5415 241 5498 Ι(1)Ῑ,ιι
251 5415 323 5473 code
332 5415 372 5472 du
382 5426 436 5471 x11⁰
445 5410 543 5481 siecle,
551 5411 581 5469 la
590 5411 756 5469 traduction
767 5410 944 5487 allemands,

117 5557 184 5617 ville

997 5413 1080 5473 vines
1094 5430 1169 5488 pour
1183 5408 1244 5472 eus
1258 5405 1325 5475 'etue
1339 5407 1414 5475 lietu
1430 5433 1437 5475 :
1454 5410 1529 5485 reto,
1547 5402 1651 5494 seuit
1662 5398 1843 5546 caetu

118 5489 192 5546 ainsi
225 5504 261 5545 ue
275 5486 406 5544 l'tdition
420 5481 945 5558 latinedeScbillerujoutentquclu
998 5487 1157 5560 Argentine,
1179 5493 1210 5545 ct
1231 5485 1318 5546 libera
1340 5490 1437 5547 civim
1460 5491 1506 5561 stt,
1521 5504 1552 5548 ee
1575 5484 1647 5563 quoti
1669 5484 1762 5548 mette

199 5504 235 5617 ge
250 5558 428 5633 Strusbourg
442 5555 487 5617 tut
500 5553 576 5615 bttie
588 5552 763 5630 tl'exemple
779 5556 831 5617 des
846 5563 944 5618 uutres
998 5574 1052 5630 me,
1069 5563 1124 5617 ete.
