3908 6082
836 298 935 356 vrri.
954 330 993 340 -
1007 298 1079 358 arn.
1104 282 1127 358 i.

266 650 283 683 ‘
492 647 701 783 VITA
753 646 1074 786 SANCTl
1132 650 1458 790 Maroni

700 893 903 957 AUCTORE
923 893 1034 957 sino
1053 894 1263 958 MONACHO

871 1064 1070 1076 u———unu

362 1184 536 1241 EPISTULA
556 1186 671 1244 DOMNI
692 1187 774 1244 SYlll
793 1188 841 1244 ΑΙ)
860 1189 1019 1246 DOMNUM
1038 1190 1226 1247 ODlLONldM
1244 1190 1414 1246 ΑΒΒΑΤΒΜ
1435 1190 1592 1248 blancae

157 1362 311 1436 spirituali
341 1363 418 1419 Patri
447 1365 555 1421 domno
581 1365 701 1422 Onrmm
727 1367 836 1433 abbati,
851 1368 947 1425 Sanus
962 1373 990 1437 Α
1004 1385 1061 1425 uon
1073 1369 1199 1426 audebat
1209 1386 1272 1442 qua
1283 1367 1392 1442 ingenii
1404 1369 1545 1442 parvitate
1560 1384 1766 1426 consummare
1776 1368 1829 1424 dii-

122 1449 335 1508 monaeborum
351 1452 633 1527 iniimus,qnidquid
650 1454 680 1510 in
695 1454 809 1512 Christo
825 1455 948 1513 felicius.
1005 1456 1511 1530 lidebat.Temeritatisinsnpernon
1524 1456 1672 1514 immerito
1687 1455 1770 1531 argui
1785 1471 1830 1513 ve-

158 1541 242 1614 Sape
268 1539 342 1596 mihi
371 1540 560 1614 multumque
588 1544 738 1600 cantitanti
759 1545 836 1601 beati
852 1545 949 1601 Maioli
1005 1545 1098 1614 rebar,
1115 1545 1140 1602 si
1156 1547 1295 1603 audacter
1310 1563 1529 1620 praesumerem,
1545 1563 1609 1619 que
1625 1545 1829 1618 meperspiea·

120 1628 303 1686 venerabiles
332 1632 414 1686 aetus
443 1630 508 1704 styli
541 1633 677 1704 prosequi
706 1632 813 1701 officio,
830 1649 897 1690 eum
913 1633 949 1689 ad
1004 1633 1133 1690 oloribus
1148 1634 1191 1690 vel
1206 1634 1453 1707 ingeniosioribus
1472 1634 1683 1690 committenda
1696 1634 1755 1690 iore
1770 1650 1828 1689 non

122 1718 153 1774 id
173 1717 270 1791 operis
298 1721 404 1773 sancta
432 1719 640 1776 reeordationis
665 1721 811 1777 Warnerii
839 1723 949 1795 impor-
1003 1723 1185 1796 ignorabam.
1202 1724 1258 1780 Sed
1290 1723 1350 1779 bac
1366 1723 1438 1778 mihi
1455 1724 1552 1778 da‘me
1566 1722 1684 1795 cognita
1699 1722 1828 1794 prefatio

122 1810 196 1863 tuna
210 1812 378 1879 perurgeret
397 1807 510 1879 petitio,
525 1808 619 1864 multa
633 1826 665 1865 so
679 1810 868 1881 objiciebant,
885 1827 949 1884 que
1004 1804 1166 1884 quamlibet
1189 1829 1255 1868 vero
1270 1811 1378 1883 sepius
1389 1828 1440 1883 pro
1455 1810 1641 1867 excusatione
1656 1810 1729 1866 foret
1743 1826 1829 1883 oppo-

122 1911 159 1950 ne
174 1895 204 1950 id
219 1911 341 1951 conarer
368 1912 427 1952 non
456 1897 572 1952 modica
602 1914 649 1953 me
678 1897 832 1954 tormidine
853 1899 948 1954 deter-
1004 1898 1141 1966 sita,ille.
1148 1941 1226 1954 .......
1244 1900 1304 1955 Sub
1319 1900 1421 1955 eodem
1437 1897 1827 1970 temporisarticulomsad

122 1985 237 2042 rebant.
253 1984 304 2039 Vir
331 1984 440 2057 quippe
468 1985 517 2041 illo
546 1987 595 2058 qni
625 1987 767 2062 divulgari
784 1989 948 2060 petebatur,
1004 1988 1367 2062 italiam,illumquevobis
1383 1987 1508 2061 dirigere
1524 1986 1684 2061 placuisset
1699 1987 1735 2043 ad
1750 1986 1829 2044 Alsa·

121 2073 165 2128 sio
180 2073 298 2128 virtutis
312 2073 488 2128 sectantium
510 2075 621 2130 exstitit
640 2076 779 2144 imitator,
796 2081 829 2132 ut
848 2092 948 2132 earum
1003 2077 1086 2145 tiam,
1103 2095 1177 2151 opus
1192 2079 1270 2151 qnod
1286 2077 1486 2150 relinquebam
1497 2074 1711 2149 imperfectum,
1728 2090 1828 2130 seeum

121 2162 256 2217 emnium
281 2161 447 2218 indefessus
472 2168 550 2218 esset
569 2168 713 2237 operator.
731 2165 813 2221 Unde
827 2166 853 2221 ei
866 2170 951 2238 gesta
1003 2166 1065 2239 ipse
1073 2166 1178 2222 detulit
1188 2184 1240 2239 per
1249 2165 1372 2223 schedas
1383 2159 1828 2238 dispersumPostejusdemque

121 2250 254 2323 digerere
268 2251 380 2322 absque
408 2254 582 2306 cunctarum
611 2252 753 2309 virtutum
782 2254 950 2325 conjectura
1003 2253 1221 2327 lacrymabilem
1240 2253 1409 2322 transitum,
1425 2269 1492 2308 cum
1507 2258 1608 2308 vestre
1624 2251 1783 2325 presentie
1797 2250 1828 2304 in

121 2338 292 2412 quempiam
319 2344 365 2395 est
391 2339 585 2412 impossibile.
602 2341 689 2398 Recte
712 2358 779 2399 vero
798 2341 949 2415 disputare
1004 2341 1186 2415 blorhaoeusi
1210 2329 1341 2399 coeuobio
1371 2341 1474 2397 suisset
1501 2339 1644 2410 oblatum,
1660 2341 1828 2413 injunctum

121 2444 184 2484 non
212 2427 347 2499 prevalet
372 2427 409 2484 de
437 2427 605 2496 virtutibus,
623 2428 758 2502 quisquis
786 2428 833 2486 bis
862 2430 950 2486 bresit
1003 2429 1077 2486 mihi
1093 2435 1138 2486 est
1152 2447 1187 2487 ex
1204 2435 1301 2488 restra
1329 2430 1559 2502 sententiaque
1586 2429 1734 2485 studerem
1764 2444 1828 2501 que

119 2515 405 2589 racuus;quoniam
435 2533 519 2574 mens
543 2518 590 2572 cui
606 2522 686 2573 earet
699 2514 903 2593 intelligentia,
918 2518 948 2574 id
1003 2517 1124 2575 deerant
1138 2519 1254 2586 addere,
1271 2523 1300 2576 et
1314 2517 1491 2591 scriptorum
1519 2516 1589 2573 vitio
1618 2517 1776 2589 depravata
1791 2516 1828 2572 ad

121 2605 236 2662 discere
265 2604 367 2677 nequit
395 2604 527 2661 seientia.
544 2605 609 2662 Hae
624 2604 732 2664 ideirco
745 2606 863 2680 aggredi
877 2623 948 2663 cun·
1002 2607 1277 2680 slatumpristinum
1285 2604 1828 2681 relegendocorrigere,qnodincboans

121 2694 233 2762 utebar,
250 2693 359 2767 quibus
373 2709 420 2750 me
435 2692 516 2750 nulla
540 2693 647 2751 virtute
670 2695 823 2768 dignabar.
840 2695 949 2753 ilerum
1003 2698 1036 2750 ut
1050 2695 1130 2766 potui
1146 2710 1199 2767 pro
1220 2700 1318 2750 vestra
1341 2692 1477 2765 jussione
1504 2694 1648 2766 perticere
1671 2691 1783 2758 studui,
1799 2696 1828 2746 et

120 2782 250 2856 denique
260 2782 432 2857 magnitudo
442 2781 582 2855 laborque
592 2783 950 2841 difficilismerursusmo·
1003 2783 1117 2839 utinam
1145 2790 1205 2839 tam
1234 2783 1400 2851 efficaciter,
1418 2799 1508 2854 quam
1535 2780 1670 2848 libenter,
1686 2784 1774 2852 atquo
1795 2783 1829 2834 ut

119 2871 218 2939 vebat,
234 2871 313 2944 quod
324 2869 723 2942 multiplicesmiraculorum
741 2873 949 2945 notusqueuir·
1004 2871 1090 2928 dabui
1105 2877 1202 2927 vestro
1217 2871 1339 2943 imperio
1360 2871 1455 2943 parui.
1473 2870 1540 2925 ideo
1544 2911 1622 2924 .......
1640 2867 1827 2940 presumptio

119 2964 222 3016 tntum
237 2959 308 3014 dum
321 2975 406 3015 mens
416 2958 679 3032 contemplabatur,
696 2977 840 3033 suamque
852 2961 949 3024 scien,-
1003 2963 1104 3016 contra
1117 2961 1312 3034 redargu....'..

119 3048 194 3105 tiam
210 3047 545 3114 scrutabatur,veritatis
556 3049 657 3106 territa
667 3051 812 3106 sententia
821 3049 949 3123 incipere

676 3355 1017 3493 lNClPlT
1067 3357 1279 3496 vlTa

775 3611 935 3696 arnan
969 3611 1177 3746 repulus

158 3785 181 3842 1.
199 3784 366 3843 Laudabilis
381 3784 432 3841 Dei
447 3785 538 3842 nostri
553 3786 837 3859 virtusetsapientia
852 3788 982 3856 utatisc
1002 3788 1059 3845 diei
1075 3786 1186 3843 oculus.
1204 3787 1391 3843 Convenienli
1415 3785 1523 3840 etenim
1548 3784 1717 3842 suturarum
1734 3798 1831 3838 rerum

120 3879 152 3932 et
167 3873 364 3948 generationis
388 3874 577 3931 succedentia
600 3874 656 3930 sibi
680 3879 810 3946 teurpora
825 3874 952 3932 mirabili
1006 3875 1157 3948 presagio,
1171 3874 1221 3930 tali
1231 3873 1483 3930 nominedonatur
1499 3872 1549 3928 illa
1564 3871 1693 3929 veritatis
1708 3869 1833 3941 etjusti-

120 3963 323 4036 praeordinans
334 3962 508 4019 seculorum
520 3963 750 4035 dispensatione,
758 3962 872 4019 nullum
881 3968 953 4020 tem·
1006 3964 1213 4031 lieentumnn;
1223 3963 1362 4037 quonium
1378 3962 1497 4035 quidem
1513 3959 1834 4035 perquudrilidaterra·

121 4068 181 4126 pus
195 4049 336 4124 relinquit
350 4069 475 4108 vacuum
491 4052 631 4108 bonitatis
648 4069 718 4108 suu.
735 4051 817 4110 Unde
844 4057 952 4110 sancte
1006 4069 1072 4109 rum
1084 4047 1833 4125 spatiamagnaextenditsuebeatitudinislumina.

120 4157 185 4198 auae
203 4139 337 4196 Ecclesia
353 4139 952 4220 lldelesperaquamsalutisetregenera·
1007 4141 1061 4199 Pro
1080 4140 1219 4214 operibus
1247 4140 1327 4196 enim
1356 4140 1459 4196 iterato
1489 4139 1627 4211 prescitae
1643 4136 1840 4221 etdisposilte·

120 4228 214 4288 tionis
232 4229 262 4285 in
277 4229 405 4285 filiorum
417 4247 539 4286 numero
550 4234 758 4285 annumeratos
768 4230 844 4286 bono
855 4247 951 4286 exem·
1007 4230 1064 4287 sibi
1075 4230 1216 4286 divinitus
1226 4229 1291 4285 vite
1301 4227 1358 4284 tale
1367 4227 1392 4284 ei
1402 4245 1507 4284 nomen
1516 4225 1704 4284 conveniebat
1715 4226 1832 4289 babere,

122 4317 173 4391 plo
184 4316 394 4374 meliorationis
411 4323 469 4374 tem
488 4318 713 4391 precedentium
729 4323 847 4391 patrum
863 4335 951 4392 quam
1006 4319 1084 4390 quod
1100 4318 1129 4372 in
1143 4317 1189 4373 sui
1204 4315 1373 4372 memoriale
1402 4317 1512 4373 bonurn
1541 4315 1648 4371 Christi
1668 4311 1833 4369 odoremin

123 4406 350 4480 etpraesantium
362 4406 730 4478 semperconfirmat,etad
746 4407 953 4478 consequenda
1006 4407 1144 4463 cordibus
1159 4405 1289 4461 fidelium
1319 4405 1427 4462 iaceret
1456 4405 1594 4471 redolere,
1612 4407 1653 4469 ut,
1670 4400 1833 4457 seeundum

123 4500 239 4551 aterne
265 4494 443 4550 hereditatis
466 4494 574 4568 gaudie
596 4492 747 4566 invigilare
761 4494 903 4550 insinuat.
921 4494 952 4550 ln
1006 4495 1134 4567 Apostoli
1146 4493 1475 4560 testimonium,Ghristi
1491 4495 1585 4549 bonus
1601 4492 1673 4546 odor
1688 4504 1833 4544 mereren-

122 4583 181 4639 hoc
191 4583 282 4656 igitur
293 4582 395 4639 ultimo
406 4583 634 4640 atatistermino
646 4599 746 4639 verum
763 4582 867 4656 suique
882 4583 952 4639 lide·
1007 4588 1056 4639 tur
1070 4583 1141 4649 fieri,
1159 4583 1207 4655 qui
1224 4583 1287 4638 avire
1301 4589 1329 4639 et
1344 4582 1574 4639 conversationis
1594 4580 1658 4651 ejus
1674 4577 1835 4633 voluissent

122 4671 184 4729 lem
198 4671 398 4728 certissimum
428 4672 545 4728 beatum
576 4671 715 4728 Maiolum
745 4672 952 4744 divinapietus
1007 4671 1324 4744 uestigiuimitari.llic
1335 4670 1441 4727 etenim
1453 4668 1642 4725 beatissimus
1652 4664 1834 4738 paterldaio·

124 4761 238 4816 mundo
249 4760 379 4833 protulit,
392 4761 442 4833 qui
452 4759 538 4816 elaris
549 4765 631 4816 ortus
644 4761 800 4828 natalibus,
816 4763 952 4816 exAven-
1007 4760 1054 4816 lus
1068 4777 1119 4831 pro
1136 4760 1300 4814 sanctitatis
1315 4765 1343 4814 et
1356 4757 1471 4831 pietalis
1497 4774 1557 4812 suae
1581 4755 1725 4810 fructibus
1745 4752 1835 4808 inun-

125 4849 260 4906 uicorum
276 4848 384 4921 oppido
393 4849 564 4921 parentibus
575 4848 823 4921 splendidissimis
833 4854 877 4905 est
887 4867 953 4921 pro·
1008 4849 1113 4904 dandis
1140 4848 1247 4903 Christi
1266 4848 1360 4902 bonus
1372 4847 1443 4900 ador
1454 4844 1624 4916 permansit,
1641 4847 1670 4898 et
1686 4845 1836 4914 permanet

125 4943 254 5006 creatus,
287 4937 475 4993 Prouincialis
514 4938 633 5010 quidem
668 4953 784 5010 genere,
810 4938 953 4994 nobilium
1009 4937 1347 5009 inhisquipereunt‚et
1368 4927 1834 5005 inbisquisalvifiunt.Suneti·

125 5027 278 5084 Gallorum
296 5025 393 5082 clarus
410 5026 614 5100 generositate.
632 5026 683 5080 llic
695 5025 732 5080 ab
742 5024 814 5096 ipsis
825 5025 953 5081 infantie
1009 5028 1128 5081 ticulum
1144 5041 1272 5095 numque
1283 5022 1458 5095 thymiama
1480 5026 1696 5094 unguentorum
1712 5032 1834 5073 suorum

125 5116 304 5173 rudimentis
317 5116 423 5172 studiis
434 5115 594 5170 litteratum
605 5112 740 5180 traditus,
749 5130 876 5186 superna
887 5132 953 5187 pro·
1009 5115 1170 5170 secundum
1182 5112 1301 5168 Cantica
1312 5112 1492 5167 canticorum
1505 5108 1614 5165 multos
1624 5113 1653 5164 et
1668 5107 1834 5162 innumera·

124 5206 243 5262 vidente
254 5203 408 5263 clementia
417 5205 456 5261 ita
464 5205 493 5259 in
503 5205 588 5259 deuio
597 5202 712 5258 Domini
723 5201 955 5259 lucernaardens
1010 5202 1083 5258 biles
1095 5206 1160 5273 post
1170 5217 1201 5256 ae
1212 5200 1308 5266 traxit,
1320 5199 1369 5272 qui
1381 5198 1441 5255 zelo
1451 5196 1616 5254 sanctitatis
1627 5194 1751 5261 accensi,
1768 5193 1835 5265 igne

124 5293 245 5350 elucens
274 5292 399 5361 refulsit,
416 5298 449 5348 ut
473 5293 508 5347 de
532 5308 565 5346 eo
594 5291 665 5346 illud
689 5290 956 5363 Mosaicumpossit
1011 5289 1197 5363 perfectionis
1219 5287 1457 5358 lervidi,abjecta
1484 5285 1635 5343 inveterati
1663 5281 1836 5355 corporiset

125 5381 185 5438 diei
203 5399 209 5436 :
227 5382 296 5439 Noui
311 5389 336 5438 le
349 5398 384 5439 ex
398 5383 519 5439 nemine.
1012 5377 1172 5453 pigredinis
1182 5394 1265 5450 ruga,
1277 5377 1306 5432 in
1318 5375 1582 5434 adolescentiorum
1598 5376 1745 5430 irruerunt
1755 5368 1836 5428 lorti·

163 5473 198 5527 ll.
213 5471 329 5528 liciolus
344 5488 381 5527 es
397 5472 507 5528 nomine
521 5468 775 5526 laudatae-Nam
790 5466 959 5536 biuiolus,ut
1013 5468 1155 5525 tudinem.
1172 5465 1225 5533 Qui
1250 5465 1448 5538 tympanizant
1472 5465 1544 5521 illud
1570 5461 1721 5520 monachis
1744 5458 1810 5534 peri
1825 5487 1837 5500 ·

121 5561 262 5635 jucundo
279 5560 414 5616 letemur
428 5559 689 5638 interpretaqnasi
705 5573 830 5632 magnus
846 5558 960 5616 ridetur
1014 5558 1119 5617 ationis
1149 5572 1246 5632 opere,
1264 5555 1340 5630 quod
1366 5555 1394 5613 S.
1413 5556 1496 5614 Pater
1520 5554 1693 5614 Benedictus
1720 5546 1839 5611 edocuit

296 5689 435 5754 Parnon.
458 5686 628 5752 cxxxvlt.
1640 5681 1696 5744 Ἃ
