3908 6082
133 307 191 369 655
686 308 851 372 assertis
874 305 1093 370 nupturas
1114 305 1282 370 uussavls
1775 306 1840 374 656

130 440 269 499 firmitate
284 443 414 501 bumana
424 441 495 516 ligat
503 442 616 511 ossa,id
627 445 670 498 cst
680 441 779 498 firmat
788 446 817 498 rt
837 440 953 509 solidat,
969 439 1115 510 Asalutis
1130 441 1248 512 signum
1263 440 1472 495 continentem.
1491 442 1558 507 Quae
1574 441 1662 498 etiam
1679 458 1750 499 crux
1765 443 1840 500 inte·

128 531 166 589 ab
181 531 246 605 ipsa
261 547 316 588 sua
326 530 436 588 salubri
452 531 600 604 potatione
611 546 717 587 nomon
729 532 754 587 ei
767 531 956 604 luisscimpo·
1008 528 1136 602 gerrima
1146 529 1186 585 ibi
1196 533 1449 602 permanetusque
1459 531 1489 584 iu
1500 533 1837 605 prasentemdiem(18).

129 620 220 680 situm
230 636 289 678 non
303 618 484 676 dubitamus.
495 619 550 686 Qui
565 619 631 676 lons
643 619 715 676 olim
732 621 788 676 snb
803 620 898 676 sancti
914 635 958 677 se·
1011 615 1207 674 Laetoriolum
1223 633 1339 690 quoque
1353 618 1500 690 quoddam
1515 618 1647 692 ligneum
1669 619 1839 694 sculptoria

129 707 231 786 pulcro
244 706 391 774 exsiliens,
399 723 478 763 nunc
494 709 622 780 quodam
638 709 723 781 quasi
735 710 770 766 de
778 708 958 782 vasculoper
1010 705 1083 763 artis
1097 705 1297 780 pulcherrima
1321 706 1418 780 specie
1442 707 1638 780 compositum
1660 725 1763 766 secum
1788 708 1840 767 Dei

65 861 69 868 ,
129 796 257 856 ecelesia
270 813 301 854 se
313 796 504 853 fundamenta
520 798 878 871 prorumpit(17),haustu
894 796 958 853 dul·
1011 795 1140 852 famulus
1155 795 1229 851 serre
1245 800 1445 863 consueverat,
1453 796 1608 853 altitudine
1619 795 1718 870 palmo
1733 801 1842 855 eterra

130 885 211 943 ciret
224 885 261 942 ad
277 885 439 959 potandum
455 884 592 942 salubris.
608 886 649 942 De
665 903 722 958 quo
747 884 858 943 scilicet
879 887 957 943 sicut
1010 883 1188 958 prominenti
1205 900 1212 939 :
1229 883 1277 939 cui
1302 883 1363 941 sive
1387 885 1503 953 sedens,
1515 885 1576 942 sive
1599 885 1689 943 etiam
1715 887 1745 943 in
1762 890 1842 944 terra
1862 915 1867 926 ·

131 975 232 1034 multis
241 975 400 1031 sanitatum
410 973 955 1047 experimentiscompertumtenemus,
1006 971 1310 1045 jacenspsaImorum
1321 971 1364 1028 vel
1376 990 1527 1030 sacrarum
1543 974 1762 1048 Scripturarum
1773 992 1845 1050 sup

130 1067 155 1123 si
167 1065 233 1137 quis
244 1067 370 1136 aegrotus
385 1079 559 1135 quacunque
571 1065 741 1120 infirmitate
756 1065 891 1121 detentus
906 1065 955 1120 dc·
1010 1062 1107 1133 posita
1132 1060 1282 1117 volumina
1304 1078 1380 1133 sape
1406 1062 1555 1118 recitabat.
1571 1064 1612 1119 lte
1626 1081 1685 1137 qua
1705 1065 1843 1122 videlicet

131 1153 272 1212 siderium
289 1151 471 1225 potandi,vel
487 1170 592 1224 corpus
607 1169 684 1210 cuco
695 1152 958 1210 habueritabluen·
1010 1149 1156 1218 mensula,
1173 1149 1284 1205 excisus
1300 1151 1336 1206 ad
1354 1150 1438 1206 fidem
1457 1151 1560 1206 divina
1576 1152 1693 1210 virtutis
1711 1154 1841 1226 sparsim

131 1245 172 1313 di,
188 1244 224 1298 de
238 1242 345 1296 virtute
357 1240 450 1295 sancti
463 1239 636 1298 confessoris
652 1244 790 1310 conlisus,
803 1243 956 1316 adeptione
1009 1239 1168 1312 particulas
1183 1239 1353 1310 morbisque
1374 1243 1402 1294 et
1417 1240 1544 1296 maxime
1563 1241 1696 1297 dentium
1717 1243 1840 1299 estibus

132 1335 254 1404 sperata
269 1329 373 1385 salutis
389 1346 446 1385 non
463 1330 516 1385 erit
531 1329 591 1387 ullo
617 1332 703 1388 modo
728 1332 825 1388 divina
848 1333 956 1406 pietate
1009 1326 1324 1401 interpositas,multas
1334 1327 1469 1384 novimus
1479 1329 1610 1387 etiecisse
1620 1330 1754 1402 virtutes,
1762 1331 1840 1389 sicut

131 1420 300 1478 frustratus.
1010 1416 1073 1473 loco
1088 1434 1142 1474 suo
1157 1416 1263 1489 poterit
1278 1432 1452 1491 cognoscere
1464 1417 1563 1474 lector.

343 1511 420 1567 Coe⁶0
433 1516 496 1564 '²⁰²⁰
511 1509 601 1566 ²²th
616 1513 744 1567 reililm'l·
1054 1525 1157 1599 iprum
1172 1540 1189 1581 c
1204 1523 1377 1581 venatoribus
1389 1525 1613 1597 luctantemque
1626 1528 1797 1583 miraculum

166 1602 211 1657 2¹.
227 1599 312 1655 atiud
325 1613 441 1671 quoque
452 1615 510 1655 nou
522 1600 703 1672 preterimus
714 1600 828 1674 insigne
839 1601 954 1658 virtutis
1264 1595 1300 1651 cd
1315 1595 1440 1652 Vidulum
1458 1613 1577 1654 omnm.

130 1687 318 1757 miraculum,
333 1687 410 1760 quod
436 1688 472 1745 ad
497 1689 710 1745 ostendendum
731 1690 762 1746 B.
780 1690 955 1748 confessoris
1042 1685 1088 1740 23·
1105 1685 1171 1741 Jam
1181 1684 1272 1757 igitur
1283 1683 1380 1740 diviua
1391 1685 1521 1758 potentia
1535 1687 1700 1744 secundum
1709 1687 1839 1751 ineffabi.

129 1778 236 1837 Christi
248 1776 343 1834 Busoli
357 1776 495 1833 meritum
508 1782 623 1833 constat
633 1778 771 1834 luendam
783 1778 845 1835 1000
857 1778 954 1835 divina
1008 1773 1050 1830 les
1062 1773 1224 1829 divinitatis
1238 1775 1266 1829 et
1277 1773 1375 1847 gloria
1392 1791 1452 1831 suas
1471 1775 1599 1843 divitias,
1614 1776 1694 1833 bunc
1719 1777 1838 1836 beatum

128 1870 218 1925 luisse
234 1864 650 1938 potentindcclaratum.Nnm
661 1866 952 1941 quidampucr‚sicut
1005 1863 1100 1920 virum
1115 1867 1236 1920 terrene
1251 1864 1341 1919 etiam
1362 1863 1555 1921 sublimitatis
1580 1865 1752 1924 hominibus
1770 1884 1837 1925 con-

127 1957 243 2028 abipso
260 1954 405 2028 portantia
416 1958 497 2009 utero
514 1954 543 2008 in
559 1954 703 2010 mundum
724 1956 870 2011 nascendo
886 1973 951 2028 pro·
1005 1950 1131 2009 stitucns
1146 1951 1248 2007 baberi
1264 1952 1465 2022 reverendum,
1476 1952 1572 2010 locum
1588 1971 1705 2028 quoquo
1718 1961 1838 2030 propter

127 2048 230 2116 dierat,
247 2047 388 2116 perpetua
399 2040 520 2097 luminis
536 2043 660 2099 orbitate
684 2044 952 2116 privatus,nomine
1005 2040 1837 2118 inhabitantismeritumtemporalibusrebusadprasen.

125 2130 486 2206 buneglselus,oculorum
503 2130 578 2187 mole
594 2131 723 2205 ingenita
738 2132 866 2188 coecitate
877 2137 953 2189 tene·
1006 2128 1125 2201 quidem
1141 2130 1196 2184 sub
1212 2128 1265 2183 hac
1290 2128 1441 2185 occasione
1456 2131 1620 2188 decreverat
1638 2131 1838 2191 fulciendum

126 2225 214 2281 batur
230 2221 403 2288 damnatus;
418 2220 465 2274 cui
481 2219 586 2276 coelum
603 2226 630 2276 et
644 2227 723 2277 terra
737 2237 789 2294 per
803 2226 953 2279 suanutu·
1005 2217 1073 2275 Erat
1092 2232 1220 2289 namque
1238 2217 1359 2289 qnidam
1370 2224 1535 2292 prepotens
1544 2220 1634 2276 attila
1643 2223 1779 2293 nomine;
1791 2223 1838 2280 hic

127 2329 165 2370 ra
180 2309 353 2384 qualitatem
368 2309 519 2383 incognita
534 2309 659 2378 lucrant,
670 2310 727 2366 nisi
742 2315 857 2367 tantum
873 2312 951 2384 quod
1004 2305 1130 2363 venandi
1145 2305 1239 2380 gratia
1252 2307 1296 2377 (ut
1308 2304 1382 2362 illud
1402 2323 1496 2380 genus
1513 2308 1733 2382 esthominum)
1743 2313 1838 2369 conti-

128 2400 231 2459 auditu
245 2397 290 2456 vol
305 2400 385 2454 tactu
400 2398 546 2470 potuisset
561 2397 721 2456 advertere.
734 2399 785 2456 llic
797 2399 888 2474 igitur
902 2417 953 2457 ca·
1006 2410 1095 2468 guam
1109 2393 1164 2450 viri
1179 2393 1230 2451 Dei
1247 2393 1357 2450 cellula
1374 2395 1479 2453 silvam
1495 2414 1580 2454 suum
1595 2399 1765 2457 intraverat.
1780 2401 1839 2459 Nee

128 2489 224 2547 citatis
240 2503 298 2544 sua
309 2485 483 2543 damnanon
495 2490 598 2566 sponte
609 2487 758 2560 incensed
775 2488 884 2545 montis
898 2505 951 2546 su·
1006 2499 1058 2556 spe
1072 2482 1213 2541 frustrata
1228 2483 1357 2557 agrestis
1372 2486 1471 2557 prada
1485 2488 1586 2544 deluit.
1597 2488 1671 2544 Nam
1685 2490 1768 2546 mire
1779 2507 1841 2548 ma·

127 2575 242 2651 periore
264 2591 315 2648 por
336 2572 462 2630 alterum
484 2574 603 2647 ductus,
619 2578 687 2631 ante
710 2575 789 2634 illius
816 2576 872 2633 viri
900 2576 952 2634 Dei
1006 2571 1838 2651 gnitudinisaprum,recentibusvestigiisiugieutemia·

126 2663 263 2722 cellulam
274 2660 417 2719 excubare
427 2667 617 2718 consueverat
628 2662 829 2737 cecuscujus
838 2663 951 2738 injuria
1006 2661 1140 2733 sequitur
1150 2659 1357 2718 anhelantibus
1368 2663 1506 2734 cquisbt
1520 2663 1720 2723 illaimmauis
1730 2667 1836 2738 bestia,

126 2755 247 2812 sanctus
261 2749 376 2808 Domini
393 2748 620 2807 misericorditer
630 2754 856 2825 compassus‚ad
871 2751 951 2811 cosle·
1007 2753 1039 2806 ut
1053 2747 1167 2806 cunctis
1182 2748 1345 2806 viventibus
1358 2755 1404 2806 est
1418 2756 1524 2809 natura
1539 2754 1643 2811 mortis
1656 2753 1775 2815 honere
1789 2757 1836 2814 iu·

126 2846 201 2899 stam
216 2856 369 2898 recurrens
384 2838 659 2909 blcdicum,orando
674 2843 811 2899 studebat
820 2842 952 2901 obtinere
1005 2838 1275 2907 teritum,montem
1291 2838 1321 2893 iu
1337 2856 1394 2912 quo
1409 2840 1453 2895 vir
1467 2841 1518 2897 Dei
1528 2844 1675 2899 resederat
1691 2845 1833 2917 ascendit,

126 2929 299 2989 remedium.
311 2928 370 2985 Neo
385 2927 483 2984 divina
497 2928 629 3002 dignatio
646 2931 747 2986 audire
760 2931 875 2989 distulit
889 2949 952 3006 pro
1005 2927 1043 2984 ad
1058 2925 1161 2983 cellam
1176 2927 1240 2998 ejus
1265 2930 1343 2984 recto
1364 2944 1468 3000 gressu
1493 2931 1635 3004 pervenit,
1649 2948 1828 3007 sensumque

124 3017 195 3075 ximi
206 3033 258 3090 pro
268 3017 363 3072 salute
372 3015 481 3071 infirmi
497 3018 749 3075 certantemNam
760 3036 828 3076 mox
837 3019 952 3093 expleta
1005 3015 1223 3089 quodammodo
1233 3015 1356 3073 rationis
1368 3015 1489 3088 babens,
1497 3020 1631 3093 deposita
1639 3021 1755 3080 scritate
1765 3026 1832 3081 suta

124 3103 344 3170 oratione,intcr
353 3103 467 3160 medias
477 3104 611 3161 tenebras
617 3106 667 3162 diu
676 3106 949 3182 negatalurpatuit,
1005 3105 1094 3178 pedes
1108 3104 1201 3162 sancti
1216 3105 1334 3178 hispida
1348 3105 1445 3163 buella
1459 3108 1646 3180 pervolvitur,
1660 3111 1747 3183 quasi
1766 3112 1834 3169 vitea

125 3198 213 3266 atque
227 3191 264 3249 ad
280 3208 359 3247 nova
383 3190 524 3248 claritatis
553 3193 677 3265 gratiam
706 3200 835 3252 reserata
856 3197 949 3253 ironte
964 3179 987 3246 C
1005 3209 1065 3250 sue
1075 3193 1267 3267 imploratura
1277 3194 1498 3266 presidiumdt
1509 3196 1707 3257 illemiaartus
1718 3201 1834 3259 irratio·

125 3298 231 3338 novum
247 3279 303 3337 sibi
320 3280 464 3336 mundum
481 3297 568 3353 quem
585 3299 737 3355 nunquam
752 3284 869 3341 viderat
876 3301 952 3342 roco·
1005 3281 1094 3339 nabili
1110 3282 1225 3355 pecudi,
1239 3281 1315 3338 sicut
1326 3287 1389 3340 erat
1404 3283 1509 3357 plenus
1523 3287 1641 3361 pietatis
1662 3293 1693 3344 et
1717 3291 1831 3363 gratier,

125 3370 241 3446 gnovit;
257 3367 308 3442 qui
322 3367 497 3424 duodecimo
507 3385 566 3424 sua
582 3372 677 3428 rotatis
687 3389 764 3428 anno
775 3372 886 3430 meliori
901 3374 952 3431 du·
1004 3373 1086 3429 tauta
1100 3370 1280 3428 insecutores
1294 3370 1399 3429 naute
1414 3390 1473 3430 uno
1485 3375 1548 3431 lixit
1563 3375 1593 3431 in
1608 3376 1683 3446 loco,
1695 3382 1729 3434 ut
1744 3383 1774 3437 et
1786 3379 1833 3436 vi·

126 3462 194 3518 catu
210 3457 310 3514 lumen
329 3456 365 3513 ad
383 3456 500 3530 propria
514 3456 598 3516 letus
613 3460 778 3534 reportavit.
795 3463 857 3529 Quo
870 3479 952 3520 vene·
1005 3460 1107 3516 derant
1116 3458 1209 3516 oculis
1218 3459 1273 3515 sibi
1285 3460 1447 3534 proximam
1457 3462 1833 3533 bestiam,ettameubianti

126 3546 234 3607 rabiles
244 3543 380 3604 monaehi
393 3545 423 3601 in
434 3543 563 3603 interiori
575 3547 683 3605 montis
694 3549 848 3620 situ‚sicut
861 3568 951 3626 supra
1005 3563 1054 3606 ora
1067 3564 1126 3606 non
1143 3552 1263 3621 possent
1276 3549 1395 3607 omnino
1406 3551 1585 3626 contingere.
1601 3552 1763 3613 Prodictus
1776 3555 1833 3615 ite-

126 3635 320 3704 cetcndimus,
335 3632 503 3693 habitantes
519 3636 629 3707 audito,
646 3637 770 3696 insolita
789 3638 830 3696 rei
855 3639 950 3698 admi·
1005 3637 1170 3711 quoditila,
1187 3637 1263 3695 sicut
1276 3641 1339 3694 crat
1352 3639 1397 3694 vir
1412 3639 1517 3709 bonus,
1533 3641 1690 3702 maritoste
1712 3645 1832 3720 cognita

126 3724 219 3786 rande
233 3723 360 3781 scutale
375 3722 513 3797 perculsi,
525 3726 657 3783 accensis
680 3726 770 3784 cereis
793 3727 952 3788 Dominioa
1004 3726 1055 3784 Dei
1070 3726 1185 3792 virtute,
1202 3726 1439 3800 presumptionis
1455 3746 1514 3785 suas
1539 3729 1677 3804 llagitam
1699 3733 1829 3802 veniam,

126 3813 221 3874 crucis
249 3812 280 3871 in
311 3811 448 3869 manibus
478 3812 596 3886 signum
621 3815 746 3873 terentes
762 3816 950 3890 triumphale,
1005 3814 1147 3889 quidquid
1163 3813 1345 3873 circatorum
1356 3816 1400 3870 sui
1411 3815 1488 3889 juris
1501 3821 1571 3887 erat,
1588 3819 1830 3880 nonnullaetiam

123 3903 240 3980 magnis
254 3901 376 3960 laudum
391 3900 511 3958 vocibus
527 3918 620 3976 usque
635 3905 671 3960 ad
682 3921 749 3961 cum
760 3904 858 3962 locum
868 3921 951 3963 vene
1004 3904 1127 3979 propriae
1142 3903 1336 3977 possessionis
1346 3905 1466 3977 pradia,
1473 3904 1572 3962 villam
1583 3924 1700 3982 quoque
1711 3910 1763 3968 ubi
1773 3927 1832 3970 usu

122 4000 192 4052 runt
203 3990 372 4066 psallentes,
389 3988 447 4047 Deo
463 3990 575 4065 gratias
591 3993 770 4050 unanimiter
784 3998 912 4068 agentes.
1004 3993 1115 4051 rustico
1136 3990 1360 4065 septemsalices
1384 3992 1569 4068 (Sept-Souis)
1592 3996 1709 4070 dicitur,
1727 4004 1829 4057 saneto

209 4080 320 4135 drocen
337 4077 473 4150 lapideam
488 4081 517 4133 in
532 4095 621 4137 creato
636 4083 740 4155 cripere
754 4085 868 4139 miravit.
1003 4082 1063 4140 viro
1079 4078 1213 4148 contulit,
1231 4080 1386 4154 locumque
1411 4083 1475 4155 ojus
1498 4085 1614 4141 traditis
1638 4085 1833 4147 facultatibus

157 4172 202 4227 22.
218 4167 261 4225 Ab
272 4182 305 4222 eo
316 4165 407 4239 igitur
417 4170 663 4239 temporeoomen
674 4169 751 4226 beati
767 4171 821 4226 viri
832 4187 949 4229 omnem
1004 4172 1118 4246 primus
1132 4169 1195 4243 ipsc
1209 4169 1321 4226 ditavit.
1330 4172 1423 4243 Atque
1441 4177 1547 4229 extunc
1558 4174 1642 4246 quasi
1657 4191 1723 4233 mos
1737 4175 1830 4234 iuolo-

121 4260 199 4318 circa
209 4255 367 4331 regionam,
377 4270 429 4328 per
439 4254 540 4328 plures
550 4259 637 4330 coepit
647 4258 860 4333 dillundi,quia
875 4261 950 4318 sicut
1002 4257 1231 4324 vissocroditur,
1246 4262 1275 4314 et
1288 4274 1383 4330 usque
1407 4258 1493 4317 hodie
1515 4263 1696 4321 venerationi
1717 4280 1754 4321 ex
1778 4264 1831 4323 illo

121 4349 265 4422 scriptum
277 4349 321 4404 est
333 4362 339 4400 :
351 4345 410 4402 Non
424 4352 511 4416 potest
524 4349 619 4403 cicitur
634 4348 763 4407 abscondi
771 4366 855 4423 sopra
875 4368 951 4409 mou·
1004 4351 1183 4418 observatur,
1195 4353 1228 4403 ut
1243 4347 1267 4404 si
1282 4346 1312 4403 in
1328 4348 1465 4421 predicto
1482 4351 1593 4424 Regetii
1604 4351 1682 4410 saltu
1692 4353 1832 4426 qualibet

121 4446 174 4496 tem
188 4438 334 4496 constituta
348 4432 451 4504 (liciti.
468 4451 496 4502 v,
514 4435 568 4507 14).
589 4437 631 4491 Ad
648 4436 809 4495 multorum
834 4455 949 4513 quoque
1004 4438 1091 4496 luerit
1106 4437 1536 4512 promotavcnatio‚postquam
1551 4439 1632 4498 illius
1647 4441 1726 4499 intra
1742 4459 1829 4519 agge·

122 4526 255 4584 notitiam
271 4523 365 4597 ipsius
383 4522 462 4579 lama
477 4523 641 4581 sanctitatis
662 4524 752 4595 illata,
768 4528 804 4583 ad
830 4527 949 4584 laudem
963 4550 987 4617 D
1003 4533 1083 4585 stum
1094 4524 1263 4598 silvula,cui
1275 4526 1343 4581 hinc
1354 4526 1421 4584 inde
1431 4528 1832 4606 prominetingressaporve·

121 4614 285 4672 conditoris
310 4617 339 4671 et
370 4611 493 4687 gloriam
523 4612 717 4685 plurimorum
742 4621 945 4688 provocaverat
1002 4615 1087 4683 uerit,
1098 4632 1149 4673 nec
1158 4614 1309 4683 sabianae
1319 4620 1439 4672 venator
1449 4615 1573 4675 ulterius
1583 4619 1689 4676 audeat
1698 4619 1832 4694 insequi.

120 4705 218 4761 corda.
236 4704 268 4760 ln
284 4702 501 4775 septentrionali
517 4707 616 4758 autem
632 4703 725 4776 ipsius
740 4705 849 4760 montis
874 4707 945 4760 emi·
1002 4722 1408 4796 pppoppvpmineumqupm
1431 4722 1460 4780 s,
1486 4725 1578 4782 pasop
1599 4727 1667 4798 sem
1686 4729 1828 4786 malim·

120 4793 244 4851 nentiori
260 4795 341 4866 parte
356 4808 419 4864 quc
435 4790 538 4848 urbem
552 4792 681 4865 respicit,
698 4795 854 4864 antequam
871 4794 900 4848 in
912 4810 945 4849 eo
1351 4794 1471 4851 ccccliv.

119 4880 292 4940 lorocellam
303 4880 637 4947 sihiconstrueret,inter
647 4881 794 4938 condensa
805 4881 944 4938 silvarum
1034 4884 1078 4938 vt.
1096 4881 1131 4937 Et
1146 4881 1284 4954 quoniam
1299 4899 1330 4940 se
1346 4884 1470 4956 prebuit
1486 4885 1527 4942 rei
1540 4891 1627 4960 gesta
1646 4887 1774 4957 occasio,
1788 4889 1832 4946 di·

118 4971 243 5028 frutecta
252 4968 354 5027 orandi
366 4969 421 5025 sibi
433 4969 628 5040 frequentiam
638 4970 756 5026 lecerat.
773 4970 805 5025 ln
819 4984 876 5042 quo
888 4970 944 5026 sci·
998 4987 1099 5029 cemus
1109 4975 1138 5025 et
1149 4970 1226 5027 aliud
1239 4972 1316 5044 quod
1327 4971 1412 5047 longe
1423 4978 1490 5047 post
1500 4975 1653 5032 sanctiviri
1664 4976 1834 5035 censitum,

117 5059 186 5118 licet
198 5060 259 5117 loco
274 5058 413 5117 orationis
430 5075 462 5114 ac
479 5074 567 5114 sacra
584 5056 717 5115 lectionis
741 5062 808 5115 vota
833 5063 944 5133 quanto
997 5064 1128 5133 tempore
1143 5058 1173 5116 in
1188 5076 1218 5117 re
1234 5059 1335 5130 simili,
1351 5061 1402 5117 scd
1418 5062 1603 5121 dissimiliter
1616 5065 1744 5136 accedit3
1761 5083 1829 5140 quar

119 5149 259 5206 secretius
273 5153 356 5205 tanto
372 5147 474 5220 purius
485 5146 676 5218 persolvebat.
690 5146 743 5204 Ubi
760 5148 848 5225 ctiam
873 5165 943 5205 crux
1001 5165 1048 5205 res
1064 5152 1207 5221 penetota
1222 5153 1357 5221 gestaest
1368 5149 1397 5205 in
1409 5150 1534 5208 circuitu
1544 5152 1720 5225 (s.,intuitu)'
1732 5154 1829 5228 regio-

118 5240 181 5293 erat
195 5235 291 5310 posita
304 5235 507 5309 lapidea,quia
520 5235 564 5291 vir
578 5232 628 5292 Dei
641 5235 729 5292 nimis
740 5235 895 5310 indignum
904 5237 951 5294 le-·
999 5236 1056 5294 nis.
1068 5236 1193 5302 Quidam
1215 5253 1249 5292 ex
1277 5236 1454 5295 Francorum
1475 5240 1610 5309 ducibus,
1628 5257 1686 5299 non
1709 5240 1799 5316 longe
1812 5260 1836 5301 ι

118 5322 389 5398 rebatquemquam
401 5323 513 5381 diutius
524 5322 690 5380 inhabitare
701 5323 809 5393 locum,
823 5324 879 5381 nisi
891 5325 945 5382 hoc
1000 5325 1093 5382 sancti
1107 5323 1159 5381 viri
1173 5323 1269 5383 Basoli
1280 5326 1409 5384 coenobio
1425 5325 1509 5385 illum
1525 5345 1614 5388 suum
1629 5329 1831 5391 domesticum

156 5468 212 5540 (17)
228 5467 341 5525 visitur
355 5467 441 5524 bodie
455 5481 574 5540 quoque
588 5466 653 5523 lons
668 5467 730 5541 ipse
749 5467 779 5525 in
795 5472 896 5542 crypta
913 5467 944 5527 B.
1000 5466 1158 5524 derivatur.

121 5535 218 5596 Maria
234 5556 318 5597 sacra
332 5540 387 5597 sub
404 5537 508 5611 maiori
524 5536 619 5606 altari,
631 5539 789 5597 distinctus
801 5540 836 5597 ab
852 5557 884 5597 eo
895 5539 945 5612 qui
1036 5537 1092 5611 (18)
1107 5538 1139 5593 ln
1150 5537 1213 5610 ipso
1223 5536 1286 5594 loco
1299 5554 1368 5594 crux
1383 5540 1470 5597 etiam
1487 5557 1565 5603 nunc
1579 5542 1750 5612 visitasset
1766 5545 1826 5603 exi·

121 5625 155 5676 ex
164 5612 295 5689 proximo
306 5611 368 5666 loco
376 5612 520 5683 pertubos
531 5608 685 5683 plumbeos
695 5609 725 5666 in
735 5612 945 5669 monasterium
1003 5626 1061 5684 gua
1076 5608 1149 5666 cella
1163 5614 1229 5666 ante
1244 5625 1336 5666 annos
1351 5627 1460 5683 paucos
1476 5614 1614 5688 arboscla
1627 5619 1698 5673 erat.
