<?xml version="1.0" encoding="UTF-8"?>
<!DOCTYPE html PUBLIC "-//W3C//DTD XHTML 1.0 Transitional//EN"
    "http://www.w3.org/TR/xhtml1/DTD/xhtml1-transitional.dtd">
<html xmlns="http://www.w3.org/1999/xhtml" xml:lang="en" lang="en">
 <head>
  <title>
</title>
<meta http-equiv="Content-Type" content="text/html;charset=utf-8" />
  <meta name='ocr-system' content='tesseract 3.04.00' />
  <meta name='ocr-capabilities' content='ocr_page ocr_carea ocr_par ocr_line ocrx_word'/>
</head>
<body>
  <div class='ocr_page' id='page_1' title='image "./patrologiaecurs49unkngoog_0304.png"; bbox 0 0 3908 6082; ppageno 0'>
   <div class='ocr_carea' id='block_1_1' title="bbox 122 272 1827 337">
    <p class='ocr_par' dir='ltr' id='par_1_1' title="bbox 122 272 1827 337">
     <span class='ocr_line' id='line_1_1' title="bbox 122 272 1827 337; baseline 0 -1"><span class='ocrx_word' id='word_1_1' title='bbox 122 273 181 336; x_wconf 83' lang='grc'>5811</span> <span class='ocrx_word' id='word_1_2' title='bbox 762 272 885 333; x_wconf 78' lang='lat' dir='ltr'>Lucus</span> <span class='ocrx_word' id='word_1_3' title='bbox 907 272 1182 337; x_wconf 75' lang='lat' dir='ltr'>Muulctracus.</span> <span class='ocrx_word' id='word_1_4' title='bbox 1767 274 1827 336; x_wconf 82' lang='grc'>590</span> 
     </span>
    </p>
   </div>
   <div class='ocr_carea' id='block_1_2' title="bbox 117 403 1833 4382">
    <p class='ocr_par' dir='ltr' id='par_1_2' title="bbox 120 403 1828 832">
     <span class='ocr_line' id='line_1_2' title="bbox 155 403 1827 480; baseline 0.001 -19"><span class='ocrx_word' id='word_1_5' title='bbox 155 403 275 461; x_wconf 75' lang='lat' dir='ltr'>XXXVI.</span> <span class='ocrx_word' id='word_1_6' title='bbox 293 404 323 459; x_wconf 87' lang='lat' dir='ltr'>Si</span> <span class='ocrx_word' id='word_1_7' title='bbox 339 405 405 477; x_wconf 89' lang='lat' dir='ltr'>quis</span> <span class='ocrx_word' id='word_1_8' title='bbox 421 406 570 461; x_wconf 83' lang='lat' dir='ltr'><strong>concivem</strong></span> <span class='ocrx_word' id='word_1_9' title='bbox 587 422 674 461; x_wconf 88' lang='lat' dir='ltr'>suum</span> <span class='ocrx_word' id='word_1_10' title='bbox 690 405 753 461; x_wconf 87' lang='lat' dir='ltr'>sine</span> <span class='ocrx_word' id='word_1_11' title='bbox 776 406 886 477; x_wconf 87' lang='lat' dir='ltr'>judice,</span> <span class='ocrx_word' id='word_1_12' title='bbox 903 403 946 459; x_wconf 89' lang='lat' dir='ltr'>vel</span> <span class='ocrx_word' id='word_1_13' title='bbox 963 406 990 471; x_wconf 74' lang='grc' dir='ltr'><strong>Α</strong></span> <span class='ocrx_word' id='word_1_14' title='bbox 1006 404 1174 476; x_wconf 81' lang='lat' dir='ltr'>pellificum,</span> <span class='ocrx_word' id='word_1_15' title='bbox 1201 405 1476 476; x_wconf 75' lang='lat' dir='ltr'>cyrothecariorum,</span> <span class='ocrx_word' id='word_1_16' title='bbox 1502 410 1648 473; x_wconf 92' lang='lat' dir='ltr'>sutorum,</span> <span class='ocrx_word' id='word_1_17' title='bbox 1664 405 1827 480; x_wconf 81' lang='lat' dir='ltr'>fabrorum,</span> 
     </span>
     <span class='ocr_line' id='line_1_3' title="bbox 120 492 1828 567; baseline 0.001 -17"><span class='ocrx_word' id='word_1_18' title='bbox 120 492 352 566; x_wconf 90' lang='lat' dir='ltr'>uuuciojudieis</span> <span class='ocrx_word' id='word_1_19' title='bbox 368 493 444 549; x_wconf 83' lang='lat' dir='ltr'>infra</span> <span class='ocrx_word' id='word_1_20' title='bbox 459 499 542 567; x_wconf 88' lang='lat' dir='ltr'>septa</span> <span class='ocrx_word' id='word_1_21' title='bbox 556 496 662 550; x_wconf 89' lang='lat' dir='ltr'>domus</span> <span class='ocrx_word' id='word_1_22' title='bbox 679 511 740 561; x_wconf 90' lang='lat' dir='ltr'>suc,</span> <span class='ocrx_word' id='word_1_23' title='bbox 758 493 800 548; x_wconf 93' lang='lat' dir='ltr'>vol</span> <span class='ocrx_word' id='word_1_24' title='bbox 817 493 882 549; x_wconf 89' lang='lat' dir='ltr'>atrii</span> <span class='ocrx_word' id='word_1_25' title='bbox 904 493 950 547; x_wconf 88' lang='lat' dir='ltr'>sui</span> <span class='ocrx_word' id='word_1_26' title='bbox 1005 492 1329 560; x_wconf 84' lang='lat' dir='ltr'>molendinariorum,et</span> <span class='ocrx_word' id='word_1_27' title='bbox 1343 510 1444 548; x_wconf 91' lang='lat' dir='ltr'>corum</span> <span class='ocrx_word' id='word_1_28' title='bbox 1456 494 1506 566; x_wconf 91' lang='lat' dir='ltr'>qui</span> <span class='ocrx_word' id='word_1_29' title='bbox 1520 493 1828 552; x_wconf 85' lang='lat' dir='ltr'>laeiuntvaseviuaria</span> 
     </span>
     <span class='ocr_line' id='line_1_4' title="bbox 120 580 1828 656; baseline -0.001 -16"><span class='ocrx_word' id='word_1_30' title='bbox 120 588 233 640; x_wconf 87' lang='lat' dir='ltr'>temere</span> <span class='ocrx_word' id='word_1_31' title='bbox 247 580 396 650; x_wconf 74' lang='lat' dir='ltr'>invaserit,</span> <span class='ocrx_word' id='word_1_32' title='bbox 412 587 568 655; x_wconf 89' lang='lat' dir='ltr'>componet</span> <span class='ocrx_word' id='word_1_33' title='bbox 580 583 676 656; x_wconf 87' lang='lat' dir='ltr'>judici</span> <span class='ocrx_word' id='word_1_34' title='bbox 695 583 818 656; x_wconf 85' lang='lat' dir='ltr'>triginta</span> <span class='ocrx_word' id='word_1_35' title='bbox 840 581 950 638; x_wconf 88' lang='lat' dir='ltr'>solidos</span> <span class='ocrx_word' id='word_1_36' title='bbox 1004 585 1033 636; x_wconf 90' lang='lat' dir='ltr'>ct</span> <span class='ocrx_word' id='word_1_37' title='bbox 1045 581 1181 653; x_wconf 86' lang='lat' dir='ltr'>picarios,</span> <span class='ocrx_word' id='word_1_38' title='bbox 1195 587 1224 637; x_wconf 91' lang='lat' dir='ltr'>et</span> <span class='ocrx_word' id='word_1_39' title='bbox 1237 581 1288 655; x_wconf 93' lang='lat' dir='ltr'>qui</span> <span class='ocrx_word' id='word_1_40' title='bbox 1305 585 1431 655; x_wconf 86' lang='lat' dir='ltr'>purgant</span> <span class='ocrx_word' id='word_1_41' title='bbox 1445 582 1570 654; x_wconf 79' lang='lat' dir='ltr'>gladios,</span> <span class='ocrx_word' id='word_1_42' title='bbox 1587 587 1616 639; x_wconf 92' lang='lat' dir='ltr'>et</span> <span class='ocrx_word' id='word_1_43' title='bbox 1630 582 1680 654; x_wconf 89' lang='lat' dir='ltr'>qui</span> <span class='ocrx_word' id='word_1_44' title='bbox 1696 583 1828 640; x_wconf 89' lang='lat' dir='ltr'>vendunt</span> 
     </span>
     <span class='ocr_line' id='line_1_5' title="bbox 121 668 1828 746; baseline 0 -17"><span class='ocrx_word' id='word_1_45' title='bbox 121 688 176 746; x_wconf 85' lang='lat' dir='ltr'>pro</span> <span class='ocrx_word' id='word_1_46' title='bbox 191 668 298 728; x_wconf 76' lang='lat' dir='ltr'>frevela</span> <span class='ocrx_word' id='word_1_47' title='bbox 313 686 320 726; x_wconf 91' lang='lat'>:</span> <span class='ocrx_word' id='word_1_48' title='bbox 335 669 389 738; x_wconf 92' lang='lat' dir='ltr'>illi,</span> <span class='ocrx_word' id='word_1_49' title='bbox 406 687 494 744; x_wconf 89' lang='lat' dir='ltr'>quem</span> <span class='ocrx_word' id='word_1_50' title='bbox 519 669 667 740; x_wconf 76' lang='lat' dir='ltr'>invaserit,</span> <span class='ocrx_word' id='word_1_51' title='bbox 685 675 840 744; x_wconf 82' lang='lat' dir='ltr'>componet</span> <span class='ocrx_word' id='word_1_52' title='bbox 864 685 949 725; x_wconf 91' lang='lat' dir='ltr'>suam</span> <span class='ocrx_word' id='word_1_53' title='bbox 1004 686 1101 741; x_wconf 87' lang='lat' dir='ltr'>perna,</span> <span class='ocrx_word' id='word_1_54' title='bbox 1117 674 1146 726; x_wconf 88' lang='lat' dir='ltr'>ct</span> <span class='ocrx_word' id='word_1_55' title='bbox 1161 688 1326 742; x_wconf 88' lang='lat' dir='ltr'>cauponum</span> <span class='ocrx_word' id='word_1_56' title='bbox 1344 670 1449 743; x_wconf 67' lang='lat' dir='ltr'>(taam</span> <span class='ocrx_word' id='word_1_57' title='bbox 1463 671 1499 728; x_wconf 93' lang='lat' dir='ltr'>de</span> <span class='ocrx_word' id='word_1_58' title='bbox 1513 671 1624 727; x_wconf 89' lang='lat' dir='ltr'>eisdem</span> <span class='ocrx_word' id='word_1_59' title='bbox 1640 671 1729 727; x_wconf 87' lang='lat' dir='ltr'>babet</span> <span class='ocrx_word' id='word_1_60' title='bbox 1743 675 1828 744; x_wconf 87' lang='lat' dir='ltr'>pote·</span> 
     </span>
     <span class='ocr_line' id='line_1_6' title="bbox 120 757 1824 832; baseline -0.001 -15"><span class='ocrx_word' id='word_1_61' title='bbox 120 759 257 817; x_wconf 87' lang='lat' dir='ltr'>missetat</span> <span class='ocrx_word' id='word_1_62' title='bbox 272 760 330 828; x_wconf 83' lang='grc'>(12)</span> <span class='ocrx_word' id='word_1_63' title='bbox 346 757 551 832; x_wconf 58' lang='lat' dir='ltr'>triplicatam„</span> <span class='ocrx_word' id='word_1_64' title='bbox 1004 762 1111 813; x_wconf 89' lang='lat' dir='ltr'>statem</span> <span class='ocrx_word' id='word_1_65' title='bbox 1123 757 1316 830; x_wconf 85' lang='lat' dir='ltr'>judicandi,si</span> <span class='ocrx_word' id='word_1_66' title='bbox 1327 760 1397 831; x_wconf 92' lang='lat' dir='ltr'>quid</span> <span class='ocrx_word' id='word_1_67' title='bbox 1411 759 1585 832; x_wconf 78' lang='lat' dir='ltr'>deliquerint</span> <span class='ocrx_word' id='word_1_68' title='bbox 1599 760 1824 817; x_wconf 87' lang='lat' dir='ltr'>inullieiissuis.</span> 
     </span>
    </p>

    <p class='ocr_par' dir='ltr' id='par_1_3' title="bbox 118 846 1827 1188">
     <span class='ocr_line' id='line_1_7' title="bbox 156 846 1827 920; baseline -0.002 -13"><span class='ocrx_word' id='word_1_69' title='bbox 156 846 292 907; x_wconf 81' lang='lat' dir='ltr'>xxxva.</span> <span class='ocrx_word' id='word_1_70' title='bbox 310 848 343 903; x_wconf 94' lang='lat' dir='ltr'>ln</span> <span class='ocrx_word' id='word_1_71' title='bbox 359 863 461 904; x_wconf 89' lang='lat' dir='ltr'>omnes</span> <span class='ocrx_word' id='word_1_72' title='bbox 476 848 574 905; x_wconf 88' lang='lat' dir='ltr'>curias</span> <span class='ocrx_word' id='word_1_73' title='bbox 590 848 713 903; x_wconf 85' lang='lat' dir='ltr'>fratrum</span> <span class='ocrx_word' id='word_1_74' title='bbox 738 848 774 903; x_wconf 93' lang='lat' dir='ltr'>de</span> <span class='ocrx_word' id='word_1_75' title='bbox 799 846 948 913; x_wconf 79' lang='lat' dir='ltr'>claustris,</span> <span class='ocrx_word' id='word_1_76' title='bbox 1038 846 1119 902; x_wconf 86' lang='lat' dir='ltr'>XLV.</span> <span class='ocrx_word' id='word_1_77' title='bbox 1139 848 1232 903; x_wconf 87' lang='lat' dir='ltr'>Locus</span> <span class='ocrx_word' id='word_1_78' title='bbox 1248 853 1345 902; x_wconf 86' lang='lat' dir='ltr'>autem</span> <span class='ocrx_word' id='word_1_79' title='bbox 1358 847 1547 920; x_wconf 78' lang='lat' dir='ltr'>Judicationis</span> <span class='ocrx_word' id='word_1_80' title='bbox 1562 853 1590 904; x_wconf 91' lang='lat' dir='ltr'>et</span> <span class='ocrx_word' id='word_1_81' title='bbox 1613 848 1827 906; x_wconf 77' lang='lat' dir='ltr'>emendationis</span> 
     </span>
     <span class='ocr_line' id='line_1_8' title="bbox 118 934 1491 1010; baseline -0.002 -17"><span class='ocrx_word' id='word_1_82' title='bbox 118 939 165 996; x_wconf 78' lang='lat' dir='ltr'>vel</span> <span class='ocrx_word' id='word_1_83' title='bbox 181 935 430 1004; x_wconf 75' lang='lat' dir='ltr'>ministerialium,</span> <span class='ocrx_word' id='word_1_84' title='bbox 446 937 601 1010; x_wconf 87' lang='lat' dir='ltr'>inquibus</span> <span class='ocrx_word' id='word_1_85' title='bbox 617 937 674 1010; x_wconf 90' lang='lat' dir='ltr'>ipsi</span> <span class='ocrx_word' id='word_1_86' title='bbox 688 935 877 1010; x_wconf 84' lang='lat' dir='ltr'>corporaliter</span> <span class='ocrx_word' id='word_1_87' title='bbox 890 952 948 990; x_wconf 93' lang='lat' dir='ltr'>non</span> <span class='ocrx_word' id='word_1_88' title='bbox 1003 950 1104 990; x_wconf 90' lang='lat' dir='ltr'>eorum</span> <span class='ocrx_word' id='word_1_89' title='bbox 1120 940 1165 990; x_wconf 86' lang='lat' dir='ltr'>est</span> <span class='ocrx_word' id='word_1_90' title='bbox 1180 934 1210 990; x_wconf 92' lang='lat' dir='ltr'>in</span> <span class='ocrx_word' id='word_1_91' title='bbox 1226 935 1337 1008; x_wconf 86' lang='lat' dir='ltr'>palacio</span> <span class='ocrx_word' id='word_1_92' title='bbox 1352 935 1491 1009; x_wconf 88' lang='lat' dir='ltr'>episcopi.</span> 
     </span>
     <span class='ocr_line' id='line_1_9' title="bbox 119 1022 1825 1098; baseline -0.002 -13"><span class='ocrx_word' id='word_1_93' title='bbox 119 1026 329 1093; x_wconf 83' lang='lat' dir='ltr'>habitaverint,</span> <span class='ocrx_word' id='word_1_94' title='bbox 342 1027 393 1098; x_wconf 86' lang='lat' dir='ltr'>jus</span> <span class='ocrx_word' id='word_1_95' title='bbox 409 1025 497 1082; x_wconf 90' lang='lat' dir='ltr'>babet</span> <span class='ocrx_word' id='word_1_96' title='bbox 511 1024 665 1091; x_wconf 87' lang='lat' dir='ltr'>scultetus,</span> <span class='ocrx_word' id='word_1_97' title='bbox 682 1025 726 1080; x_wconf 90' lang='lat' dir='ltr'>vel</span> <span class='ocrx_word' id='word_1_98' title='bbox 738 1026 830 1098; x_wconf 82' lang='lat' dir='ltr'>judex</span> <span class='ocrx_word' id='word_1_99' title='bbox 844 1041 947 1080; x_wconf 90' lang='lat' dir='ltr'>vocan·</span> <span class='ocrx_word' id='word_1_100' title='bbox 1038 1022 1132 1078; x_wconf 87' lang='lat' dir='ltr'>XLVI.</span> <span class='ocrx_word' id='word_1_101' title='bbox 1143 1023 1173 1078; x_wconf 87' lang='lat' dir='ltr'>Si</span> <span class='ocrx_word' id='word_1_102' title='bbox 1189 1022 1238 1094; x_wconf 93' lang='lat' dir='ltr'>qui</span> <span class='ocrx_word' id='word_1_103' title='bbox 1251 1040 1319 1078; x_wconf 89' lang='lat' dir='ltr'>vero</span> <span class='ocrx_word' id='word_1_104' title='bbox 1335 1022 1532 1094; x_wconf 87' lang='lat' dir='ltr'>predictorum</span> <span class='ocrx_word' id='word_1_105' title='bbox 1549 1024 1747 1082; x_wconf 87' lang='lat' dir='ltr'>inobedientes</span> <span class='ocrx_word' id='word_1_106' title='bbox 1759 1026 1825 1082; x_wconf 87' lang='lat' dir='ltr'>laeti</span> 
     </span>
     <span class='ocr_line' id='line_1_10' title="bbox 121 1110 1825 1188; baseline -0.002 -16"><span class='ocrx_word' id='word_1_107' title='bbox 121 1118 152 1173; x_wconf 90' lang='lat' dir='ltr'>di</span> <span class='ocrx_word' id='word_1_108' title='bbox 169 1115 366 1187; x_wconf 82' lang='lat' dir='ltr'>adjudicium</span> <span class='ocrx_word' id='word_1_109' title='bbox 382 1120 411 1169; x_wconf 92' lang='lat' dir='ltr'>et</span> <span class='ocrx_word' id='word_1_110' title='bbox 426 1116 547 1188; x_wconf 90' lang='lat' dir='ltr'>cogendi</span> <span class='ocrx_word' id='word_1_111' title='bbox 564 1115 800 1170; x_wconf 83' lang='lat' dir='ltr'>inhabitatorem.</span> <span class='ocrx_word' id='word_1_112' title='bbox 1003 1110 1111 1166; x_wconf 88' lang='lat' dir='ltr'>luerint</span> <span class='ocrx_word' id='word_1_113' title='bbox 1127 1111 1307 1183; x_wconf 80' lang='lat' dir='ltr'>burcgravio,</span> <span class='ocrx_word' id='word_1_114' title='bbox 1324 1112 1386 1184; x_wconf 86' lang='lat' dir='ltr'>ipse</span> <span class='ocrx_word' id='word_1_115' title='bbox 1401 1129 1520 1167; x_wconf 69' lang='lat' dir='ltr'>(recusam</span> <span class='ocrx_word' id='word_1_116' title='bbox 1537 1114 1630 1169; x_wconf 82' lang='lat' dir='ltr'>desert</span> <span class='ocrx_word' id='word_1_117' title='bbox 1654 1115 1689 1170; x_wconf 90' lang='lat' dir='ltr'>ad</span> <span class='ocrx_word' id='word_1_118' title='bbox 1713 1114 1825 1187; x_wconf 86' lang='lat' dir='ltr'>episco-</span> 
     </span>
    </p>

    <p class='ocr_par' dir='ltr' id='par_1_4' title="bbox 122 1202 1825 1542">
     <span class='ocr_line' id='line_1_11' title="bbox 157 1202 1084 1277; baseline -0.006 -17"><span class='ocrx_word' id='word_1_119' title='bbox 157 1203 305 1260; x_wconf 77' lang='lat' dir='ltr'>XXXl&#39;lll.</span> <span class='ocrx_word' id='word_1_120' title='bbox 323 1202 474 1277; x_wconf 83' lang='lat' dir='ltr'>Similiter,</span> <span class='ocrx_word' id='word_1_121' title='bbox 487 1209 516 1258; x_wconf 92' lang='lat' dir='ltr'>et</span> <span class='ocrx_word' id='word_1_122' title='bbox 531 1204 682 1260; x_wconf 83' lang='lat' dir='ltr'>ministros</span> <span class='ocrx_word' id='word_1_123' title='bbox 699 1204 820 1259; x_wconf 90' lang='lat' dir='ltr'>lratrum</span> <span class='ocrx_word' id='word_1_124' title='bbox 834 1203 869 1258; x_wconf 91' lang='lat' dir='ltr'>de</span> <span class='ocrx_word' id='word_1_125' title='bbox 880 1218 949 1274; x_wconf 91' lang='lat' dir='ltr'>quo·</span> <span class='ocrx_word' id='word_1_126' title='bbox 1003 1217 1084 1272; x_wconf 91' lang='lat' dir='ltr'>pum.</span> 
     </span>
     <span class='ocr_line' id='line_1_12' title="bbox 122 1288 1825 1365; baseline -0.002 -15"><span class='ocrx_word' id='word_1_127' title='bbox 122 1310 240 1365; x_wconf 91' lang='lat' dir='ltr'>cunque</span> <span class='ocrx_word' id='word_1_128' title='bbox 255 1290 383 1347; x_wconf 88' lang='lat' dir='ltr'>claustro</span> <span class='ocrx_word' id='word_1_129' title='bbox 395 1292 447 1363; x_wconf 84' lang='lat' dir='ltr'>jus</span> <span class='ocrx_word' id='word_1_130' title='bbox 459 1291 547 1347; x_wconf 88' lang='lat' dir='ltr'>babel</span> <span class='ocrx_word' id='word_1_131' title='bbox 558 1291 711 1364; x_wconf 84' lang='lat' dir='ltr'>judicandi</span> <span class='ocrx_word' id='word_1_132' title='bbox 725 1293 760 1347; x_wconf 90' lang='lat' dir='ltr'>de</span> <span class='ocrx_word' id='word_1_133' title='bbox 775 1291 857 1364; x_wconf 84' lang='lat' dir='ltr'>ipsis,</span> <span class='ocrx_word' id='word_1_134' title='bbox 874 1289 949 1345; x_wconf 85' lang='lat' dir='ltr'>scili·</span> <span class='ocrx_word' id='word_1_135' title='bbox 1038 1288 1145 1343; x_wconf 85' lang='lat' dir='ltr'>XLVll.</span> <span class='ocrx_word' id='word_1_136' title='bbox 1163 1289 1235 1344; x_wconf 92' lang='lat' dir='ltr'>ltcm</span> <span class='ocrx_word' id='word_1_137' title='bbox 1251 1290 1287 1344; x_wconf 83' lang='lat' dir='ltr'>au</span> <span class='ocrx_word' id='word_1_138' title='bbox 1306 1291 1357 1361; x_wconf 89' lang='lat' dir='ltr'>jus</span> <span class='ocrx_word' id='word_1_139' title='bbox 1381 1290 1544 1362; x_wconf 79' lang='lat' dir='ltr'>burcgravii</span> <span class='ocrx_word' id='word_1_140' title='bbox 1566 1295 1677 1363; x_wconf 86' lang='lat' dir='ltr'>spectat</span> <span class='ocrx_word' id='word_1_141' title='bbox 1699 1294 1825 1364; x_wconf 87' lang='lat' dir='ltr'>quedam</span> 
     </span>
     <span class='ocr_line' id='line_1_13' title="bbox 123 1376 1824 1453; baseline -0.001 -14"><span class='ocrx_word' id='word_1_142' title='bbox 123 1386 170 1440; x_wconf 86' lang='lat' dir='ltr'>eet</span> <span class='ocrx_word' id='word_1_143' title='bbox 185 1383 215 1437; x_wconf 92' lang='lat' dir='ltr'>in</span> <span class='ocrx_word' id='word_1_144' title='bbox 231 1379 329 1436; x_wconf 90' lang='lat' dir='ltr'>causis</span> <span class='ocrx_word' id='word_1_145' title='bbox 345 1380 559 1453; x_wconf 86' lang='lat' dir='ltr'>pertinentibus</span> <span class='ocrx_word' id='word_1_146' title='bbox 574 1380 610 1435; x_wconf 91' lang='lat' dir='ltr'>ud</span> <span class='ocrx_word' id='word_1_147' title='bbox 636 1384 841 1447; x_wconf 83' lang='lat' dir='ltr'>mercaturam,</span> <span class='ocrx_word' id='word_1_148' title='bbox 860 1381 884 1435; x_wconf 91' lang='lat' dir='ltr'>si</span> <span class='ocrx_word' id='word_1_149' title='bbox 899 1396 948 1434; x_wconf 90' lang='lat' dir='ltr'>vo·</span> <span class='ocrx_word' id='word_1_150' title='bbox 1003 1376 1138 1434; x_wconf 90' lang='lat' dir='ltr'>thelonea</span> <span class='ocrx_word' id='word_1_151' title='bbox 1153 1377 1334 1450; x_wconf 69' lang='lat' dir='ltr'>acciperent</span> <span class='ocrx_word' id='word_1_152' title='bbox 1347 1379 1513 1451; x_wconf 87' lang='lat' dir='ltr'>gladiorum</span> <span class='ocrx_word' id='word_1_153' title='bbox 1529 1380 1579 1453; x_wconf 89' lang='lat' dir='ltr'>qui</span> <span class='ocrx_word' id='word_1_154' title='bbox 1595 1381 1707 1453; x_wconf 88' lang='lat' dir='ltr'>vaginis</span> <span class='ocrx_word' id='word_1_155' title='bbox 1718 1381 1824 1437; x_wconf 91' lang='lat' dir='ltr'>inclusi</span> 
     </span>
     <span class='ocr_line' id='line_1_14' title="bbox 122 1467 1825 1542; baseline -0.001 -14"><span class='ocrx_word' id='word_1_156' title='bbox 122 1471 265 1528; x_wconf 84' lang='lat' dir='ltr'>luntesse</span> <span class='ocrx_word' id='word_1_157' title='bbox 281 1472 467 1526; x_wconf 86' lang='lat' dir='ltr'>mercatores.</span> <span class='ocrx_word' id='word_1_158' title='bbox 1003 1471 1157 1539; x_wconf 89' lang='lat' dir='ltr'>portantur</span> <span class='ocrx_word' id='word_1_159' title='bbox 1172 1467 1202 1522; x_wconf 93' lang='lat' dir='ltr'>in</span> <span class='ocrx_word' id='word_1_160' title='bbox 1218 1469 1279 1523; x_wconf 87' lang='lat' dir='ltr'>loro</span> <span class='ocrx_word' id='word_1_161' title='bbox 1298 1468 1424 1523; x_wconf 89' lang='lat' dir='ltr'>venales.</span> <span class='ocrx_word' id='word_1_162' title='bbox 1439 1468 1569 1525; x_wconf 78' lang='lat' dir='ltr'>Aliorum</span> <span class='ocrx_word' id='word_1_163' title='bbox 1595 1473 1703 1538; x_wconf 87' lang='lat' dir='ltr'>aulem,</span> <span class='ocrx_word' id='word_1_164' title='bbox 1720 1471 1771 1542; x_wconf 93' lang='lat' dir='ltr'>qui</span> <span class='ocrx_word' id='word_1_165' title='bbox 1793 1470 1825 1527; x_wconf 90' lang='lat' dir='ltr'>in</span> 
     </span>
    </p>

    <p class='ocr_par' dir='ltr' id='par_1_5' title="bbox 117 1555 1826 2074">
     <span class='ocr_line' id='line_1_15' title="bbox 157 1555 1823 1631; baseline -0.001 -13"><span class='ocrx_word' id='word_1_166' title='bbox 157 1558 278 1618; x_wconf 84' lang='lat' dir='ltr'>XXXIX.</span> <span class='ocrx_word' id='word_1_167' title='bbox 302 1557 475 1631; x_wconf 85' lang='lat' dir='ltr'>Quicunque</span> <span class='ocrx_word' id='word_1_168' title='bbox 500 1558 650 1614; x_wconf 88' lang='lat' dir='ltr'>intraverit</span> <span class='ocrx_word' id='word_1_169' title='bbox 665 1558 812 1615; x_wconf 90' lang='lat' dir='ltr'>civitatem</span> <span class='ocrx_word' id='word_1_170' title='bbox 835 1559 949 1614; x_wconf 88' lang='lat' dir='ltr'>debitor</span> <span class='ocrx_word' id='word_1_171' title='bbox 1003 1556 1126 1613; x_wconf 88' lang='lat' dir='ltr'>navibus</span> <span class='ocrx_word' id='word_1_172' title='bbox 1151 1558 1186 1612; x_wconf 90' lang='lat' dir='ltr'>de</span> <span class='ocrx_word' id='word_1_173' title='bbox 1211 1555 1340 1625; x_wconf 85' lang='lat' dir='ltr'>Colonia,</span> <span class='ocrx_word' id='word_1_174' title='bbox 1365 1557 1408 1613; x_wconf 90' lang='lat' dir='ltr'>vel</span> <span class='ocrx_word' id='word_1_175' title='bbox 1436 1558 1629 1630; x_wconf 90' lang='lat' dir='ltr'>undecunque</span> <span class='ocrx_word' id='word_1_176' title='bbox 1659 1563 1823 1631; x_wconf 86' lang='lat' dir='ltr'>portantur,</span> 
     </span>
     <span class='ocr_line' id='line_1_16' title="bbox 122 1644 1533 1719; baseline -0.002 -15"><span class='ocrx_word' id='word_1_177' title='bbox 122 1647 252 1706; x_wconf 85' lang='lat' dir='ltr'>existens</span> <span class='ocrx_word' id='word_1_178' title='bbox 266 1645 393 1718; x_wconf 82' lang='lat' dir='ltr'>alicujus</span> <span class='ocrx_word' id='word_1_179' title='bbox 403 1644 543 1713; x_wconf 90' lang='lat' dir='ltr'>hominis,</span> <span class='ocrx_word' id='word_1_180' title='bbox 560 1644 586 1701; x_wconf 91' lang='lat' dir='ltr'>si</span> <span class='ocrx_word' id='word_1_181' title='bbox 602 1646 736 1719; x_wconf 86' lang='lat' dir='ltr'>pulsatus</span> <span class='ocrx_word' id='word_1_182' title='bbox 749 1645 836 1702; x_wconf 89' lang='lat' dir='ltr'>luerit</span> <span class='ocrx_word' id='word_1_183' title='bbox 849 1661 947 1702; x_wconf 88' lang='lat' dir='ltr'>coram</span> <span class='ocrx_word' id='word_1_184' title='bbox 1003 1644 1173 1700; x_wconf 83' lang='lat' dir='ltr'>theloneum</span> <span class='ocrx_word' id='word_1_185' title='bbox 1189 1645 1311 1717; x_wconf 86' lang='lat' dir='ltr'>accipiet</span> <span class='ocrx_word' id='word_1_186' title='bbox 1325 1645 1533 1702; x_wconf 89' lang='lat' dir='ltr'>thelonearius.</span> 
     </span>
     <span class='ocr_line' id='line_1_17' title="bbox 117 1733 1825 1843; baseline 0.001 -49"><span class='ocrx_word' id='word_1_187' title='bbox 117 1733 458 1813; x_wconf 83' lang='lat' dir='ltr'>judiee,canonieus,vel</span> <span class='ocrx_word' id='word_1_188' title='bbox 474 1733 720 1803; x_wconf 58' lang='lat' dir='ltr'>ministerialisssin</span> <span class='ocrx_word' id='word_1_189' title='bbox 734 1735 947 1807; x_wconf 89' lang='lat' dir='ltr'>cujusdomum</span> <span class='ocrx_word' id='word_1_190' title='bbox 963 1778 987 1843; x_wconf 79' lang='grc' dir='ltr'><strong>Β</strong></span> <span class='ocrx_word' id='word_1_191' title='bbox 1038 1733 1157 1790; x_wconf 88' lang='lat' dir='ltr'>XLVlll.</span> <span class='ocrx_word' id='word_1_192' title='bbox 1174 1735 1246 1790; x_wconf 86' lang='lat' dir='ltr'>ltem</span> <span class='ocrx_word' id='word_1_193' title='bbox 1261 1734 1614 1808; x_wconf 89' lang='lat' dir='ltr'>olci‚nueum‚pom0rum</span> <span class='ocrx_word' id='word_1_194' title='bbox 1631 1737 1825 1811; x_wconf 87' lang='lat' dir='ltr'>undecunque</span> 
     </span>
     <span class='ocr_line' id='line_1_18' title="bbox 122 1822 1825 1896; baseline 0.001 -15"><span class='ocrx_word' id='word_1_195' title='bbox 122 1825 172 1883; x_wconf 89' lang='lat' dir='ltr'>ille</span> <span class='ocrx_word' id='word_1_196' title='bbox 185 1824 260 1882; x_wconf 79' lang='lat' dir='ltr'>sorte</span> <span class='ocrx_word' id='word_1_197' title='bbox 275 1822 382 1896; x_wconf 88' lang='lat' dir='ltr'>hospes</span> <span class='ocrx_word' id='word_1_198' title='bbox 399 1822 528 1892; x_wconf 89' lang='lat' dir='ltr'>intravit,</span> <span class='ocrx_word' id='word_1_199' title='bbox 545 1822 725 1895; x_wconf 88' lang='lat' dir='ltr'>presentabit</span> <span class='ocrx_word' id='word_1_200' title='bbox 740 1840 807 1879; x_wconf 91' lang='lat' dir='ltr'>eum</span> <span class='ocrx_word' id='word_1_201' title='bbox 823 1823 945 1879; x_wconf 90' lang='lat' dir='ltr'>sculteto</span> <span class='ocrx_word' id='word_1_202' title='bbox 1001 1823 1128 1878; x_wconf 89' lang='lat' dir='ltr'>adducta</span> <span class='ocrx_word' id='word_1_203' title='bbox 1143 1822 1253 1878; x_wconf 84' lang='lat' dir='ltr'>luerint</span> <span class='ocrx_word' id='word_1_204' title='bbox 1267 1828 1296 1878; x_wconf 89' lang='lat' dir='ltr'>et</span> <span class='ocrx_word' id='word_1_205' title='bbox 1310 1823 1426 1879; x_wconf 89' lang='lat' dir='ltr'>venditu</span> <span class='ocrx_word' id='word_1_206' title='bbox 1436 1840 1487 1896; x_wconf 90' lang='lat' dir='ltr'>pro</span> <span class='ocrx_word' id='word_1_207' title='bbox 1501 1825 1642 1892; x_wconf 89' lang='lat' dir='ltr'>nummis,</span> <span class='ocrx_word' id='word_1_208' title='bbox 1655 1824 1825 1883; x_wconf 87' lang='lat' dir='ltr'>theloneum</span> 
     </span>
     <span class='ocr_line' id='line_1_19' title="bbox 121 1910 1825 1988; baseline -0.001 -16"><span class='ocrx_word' id='word_1_209' title='bbox 121 1916 158 1972; x_wconf 87' lang='lat' dir='ltr'>ad</span> <span class='ocrx_word' id='word_1_210' title='bbox 174 1913 325 1988; x_wconf 73' lang='lat' dir='ltr'>justiciam</span> <span class='ocrx_word' id='word_1_211' title='bbox 342 1928 349 1968; x_wconf 89' lang='lat'>:</span> <span class='ocrx_word' id='word_1_212' title='bbox 365 1913 442 1986; x_wconf 92' lang='lat' dir='ltr'>quod</span> <span class='ocrx_word' id='word_1_213' title='bbox 458 1911 482 1969; x_wconf 88' lang='lat' dir='ltr'>si</span> <span class='ocrx_word' id='word_1_214' title='bbox 498 1929 556 1968; x_wconf 92' lang='lat' dir='ltr'>non</span> <span class='ocrx_word' id='word_1_215' title='bbox 570 1913 679 1980; x_wconf 86' lang='lat' dir='ltr'>lecerit,</span> <span class='ocrx_word' id='word_1_216' title='bbox 696 1928 748 1985; x_wconf 91' lang='lat' dir='ltr'>pre</span> <span class='ocrx_word' id='word_1_217' title='bbox 765 1912 813 1968; x_wconf 92' lang='lat' dir='ltr'>illo</span> <span class='ocrx_word' id='word_1_218' title='bbox 830 1928 946 1986; x_wconf 89' lang='lat' dir='ltr'>respon·</span> <span class='ocrx_word' id='word_1_219' title='bbox 1001 1910 1124 1983; x_wconf 88' lang='lat' dir='ltr'>accipiet</span> <span class='ocrx_word' id='word_1_220' title='bbox 1140 1911 1341 1984; x_wconf 83' lang='lat' dir='ltr'>burcgravius.</span> <span class='ocrx_word' id='word_1_221' title='bbox 1359 1911 1388 1966; x_wconf 90' lang='lat' dir='ltr'>Si</span> <span class='ocrx_word' id='word_1_222' title='bbox 1404 1929 1470 1967; x_wconf 91' lang='lat' dir='ltr'>vero</span> <span class='ocrx_word' id='word_1_223' title='bbox 1487 1929 1539 1984; x_wconf 90' lang='lat' dir='ltr'>pro</span> <span class='ocrx_word' id='word_1_224' title='bbox 1554 1912 1623 1980; x_wconf 89' lang='lat' dir='ltr'>sale,</span> <span class='ocrx_word' id='word_1_225' title='bbox 1633 1912 1677 1968; x_wconf 90' lang='lat' dir='ltr'>vel</span> <span class='ocrx_word' id='word_1_226' title='bbox 1692 1914 1771 1981; x_wconf 91' lang='lat' dir='ltr'>vino,</span> <span class='ocrx_word' id='word_1_227' title='bbox 1780 1914 1825 1970; x_wconf 90' lang='lat' dir='ltr'>vel</span> 
     </span>
     <span class='ocr_line' id='line_1_20' title="bbox 121 1999 1826 2074; baseline -0.001 -14"><span class='ocrx_word' id='word_1_228' title='bbox 121 2004 189 2061; x_wconf 90' lang='lat' dir='ltr'>dere</span> <span class='ocrx_word' id='word_1_229' title='bbox 204 2000 363 2058; x_wconf 87' lang='lat' dir='ltr'>tenebitur.</span> <span class='ocrx_word' id='word_1_230' title='bbox 1001 2000 1158 2067; x_wconf 76' lang='lat' dir='ltr'>frumento,</span> <span class='ocrx_word' id='word_1_231' title='bbox 1174 1999 1219 2055; x_wconf 95' lang='lat' dir='ltr'>vel</span> <span class='ocrx_word' id='word_1_232' title='bbox 1240 2016 1418 2073; x_wconf 89' lang='lat' dir='ltr'>quocunque</span> <span class='ocrx_word' id='word_1_233' title='bbox 1443 1999 1499 2056; x_wconf 87' lang='lat' dir='ltr'>alio</span> <span class='ocrx_word' id='word_1_234' title='bbox 1521 2001 1618 2074; x_wconf 89' lang='lat' dir='ltr'>precio</span> <span class='ocrx_word' id='word_1_235' title='bbox 1634 2002 1751 2058; x_wconf 88' lang='lat' dir='ltr'>vendita</span> <span class='ocrx_word' id='word_1_236' title='bbox 1766 2002 1826 2058; x_wconf 87' lang='lat' dir='ltr'>fue·</span> 
     </span>
    </p>

    <p class='ocr_par' dir='ltr' id='par_1_6' title="bbox 119 2088 1826 2956">
     <span class='ocr_line' id='line_1_21' title="bbox 154 2088 1823 2164; baseline -0.001 -16"><span class='ocrx_word' id='word_1_237' title='bbox 154 2090 213 2148; x_wconf 89' lang='lat' dir='ltr'>XL.</span> <span class='ocrx_word' id='word_1_238' title='bbox 230 2091 369 2147; x_wconf 89' lang='lat' dir='ltr'>Omnium</span> <span class='ocrx_word' id='word_1_239' title='bbox 385 2090 630 2164; x_wconf 88' lang='lat' dir='ltr'>compositionum</span> <span class='ocrx_word' id='word_1_240' title='bbox 645 2091 788 2146; x_wconf 83' lang='lat' dir='ltr'>tactorum</span> <span class='ocrx_word' id='word_1_241' title='bbox 805 2107 857 2163; x_wconf 93' lang='lat' dir='ltr'>pro</span> <span class='ocrx_word' id='word_1_242' title='bbox 868 2091 945 2145; x_wconf 82' lang='lat' dir='ltr'>furto</span> <span class='ocrx_word' id='word_1_243' title='bbox 1000 2088 1625 2162; x_wconf 87' lang='lat' dir='ltr'>rint,tbeloneumdividctburegraviuscum</span> <span class='ocrx_word' id='word_1_244' title='bbox 1635 2089 1823 2148; x_wconf 84' lang='lat' dir='ltr'>theloneario.</span> 
     </span>
     <span class='ocr_line' id='line_1_22' title="bbox 119 2177 1826 2256; baseline -0.002 -19"><span class='ocrx_word' id='word_1_245' title='bbox 119 2187 149 2238; x_wconf 90' lang='lat' dir='ltr'>et</span> <span class='ocrx_word' id='word_1_246' title='bbox 165 2197 218 2256; x_wconf 92' lang='lat' dir='ltr'>pro</span> <span class='ocrx_word' id='word_1_247' title='bbox 234 2180 341 2236; x_wconf 80' lang='lat' dir='ltr'>frevela</span> <span class='ocrx_word' id='word_1_248' title='bbox 355 2180 412 2235; x_wconf 92' lang='lat' dir='ltr'>due</span> <span class='ocrx_word' id='word_1_249' title='bbox 427 2184 524 2252; x_wconf 85' lang='lat' dir='ltr'>partes</span> <span class='ocrx_word' id='word_1_250' title='bbox 540 2184 609 2235; x_wconf 92' lang='lat' dir='ltr'>sunt</span> <span class='ocrx_word' id='word_1_251' title='bbox 624 2179 776 2246; x_wconf 86' lang='lat' dir='ltr'>causidici,</span> <span class='ocrx_word' id='word_1_252' title='bbox 792 2178 878 2234; x_wconf 90' lang='lat' dir='ltr'>tertia</span> <span class='ocrx_word' id='word_1_253' title='bbox 894 2180 945 2235; x_wconf 87' lang='lat' dir='ltr'>ad·</span> <span class='ocrx_word' id='word_1_254' title='bbox 1037 2177 1131 2233; x_wconf 88' lang='lat' dir='ltr'>XLlX.</span> <span class='ocrx_word' id='word_1_255' title='bbox 1150 2178 1248 2234; x_wconf 89' lang='lat' dir='ltr'>Preter</span> <span class='ocrx_word' id='word_1_256' title='bbox 1262 2179 1401 2250; x_wconf 88' lang='lat' dir='ltr'>predicta,</span> <span class='ocrx_word' id='word_1_257' title='bbox 1419 2179 1518 2233; x_wconf 90' lang='lat' dir='ltr'>omnia</span> <span class='ocrx_word' id='word_1_258' title='bbox 1533 2177 1667 2236; x_wconf 89' lang='lat' dir='ltr'>thelonea</span> <span class='ocrx_word' id='word_1_259' title='bbox 1688 2178 1745 2235; x_wconf 89' lang='lat' dir='ltr'>ulia</span> <span class='ocrx_word' id='word_1_260' title='bbox 1763 2196 1826 2252; x_wconf 90' lang='lat' dir='ltr'>per·</span> 
     </span>
     <span class='ocr_line' id='line_1_23' title="bbox 120 2265 1825 2340; baseline -0.001 -15"><span class='ocrx_word' id='word_1_261' title='bbox 120 2270 226 2327; x_wconf 88' lang='lat' dir='ltr'>vocali.</span> <span class='ocrx_word' id='word_1_262' title='bbox 243 2272 275 2323; x_wconf 94' lang='lat' dir='ltr'>ln</span> <span class='ocrx_word' id='word_1_263' title='bbox 291 2266 399 2340; x_wconf 89' lang='lat' dir='ltr'>quibus</span> <span class='ocrx_word' id='word_1_264' title='bbox 414 2266 482 2323; x_wconf 90' lang='lat' dir='ltr'>talis</span> <span class='ocrx_word' id='word_1_265' title='bbox 506 2272 552 2324; x_wconf 90' lang='lat' dir='ltr'>est</span> <span class='ocrx_word' id='word_1_266' title='bbox 576 2268 718 2323; x_wconf 87' lang='lat' dir='ltr'>servanda</span> <span class='ocrx_word' id='word_1_267' title='bbox 739 2266 898 2324; x_wconf 90' lang='lat' dir='ltr'>distinctio.</span> <span class='ocrx_word' id='word_1_268' title='bbox 915 2267 945 2322; x_wconf 90' lang='lat' dir='ltr'>Si</span> <span class='ocrx_word' id='word_1_269' title='bbox 1001 2266 1095 2322; x_wconf 89' lang='lat' dir='ltr'>tinent</span> <span class='ocrx_word' id='word_1_270' title='bbox 1110 2267 1145 2322; x_wconf 90' lang='lat' dir='ltr'>ad</span> <span class='ocrx_word' id='word_1_271' title='bbox 1162 2266 1293 2323; x_wconf 83' lang='lat' dir='ltr'>osticium</span> <span class='ocrx_word' id='word_1_272' title='bbox 1310 2265 1490 2335; x_wconf 88' lang='lat' dir='ltr'>thelonearii,</span> <span class='ocrx_word' id='word_1_273' title='bbox 1507 2283 1570 2338; x_wconf 81' lang='lat' dir='ltr'>que</span> <span class='ocrx_word' id='word_1_274' title='bbox 1581 2272 1679 2323; x_wconf 91' lang='lat' dir='ltr'>tamen</span> <span class='ocrx_word' id='word_1_275' title='bbox 1696 2268 1771 2323; x_wconf 82' lang='lat' dir='ltr'>hunt</span> <span class='ocrx_word' id='word_1_276' title='bbox 1784 2268 1825 2323; x_wconf 90' lang='lat' dir='ltr'>di·</span> 
     </span>
     <span class='ocr_line' id='line_1_24' title="bbox 122 2352 1196 2430; baseline -0.003 -17"><span class='ocrx_word' id='word_1_277' title='bbox 122 2354 297 2430; x_wconf 87' lang='lat' dir='ltr'>compositio</span> <span class='ocrx_word' id='word_1_278' title='bbox 313 2356 390 2411; x_wconf 85' lang='lat' dir='ltr'>lacta</span> <span class='ocrx_word' id='word_1_279' title='bbox 405 2355 492 2410; x_wconf 87' lang='lat' dir='ltr'>luerit</span> <span class='ocrx_word' id='word_1_280' title='bbox 507 2355 656 2421; x_wconf 88' lang='lat' dir='ltr'>advocato,</span> <span class='ocrx_word' id='word_1_281' title='bbox 671 2356 735 2426; x_wconf 86' lang='lat' dir='ltr'>ejus</span> <span class='ocrx_word' id='word_1_282' title='bbox 750 2360 793 2409; x_wconf 91' lang='lat' dir='ltr'>est</span> <span class='ocrx_word' id='word_1_283' title='bbox 819 2352 946 2411; x_wconf 88' lang='lat' dir='ltr'>dividere</span> <span class='ocrx_word' id='word_1_284' title='bbox 1001 2372 1083 2411; x_wconf 89' lang='lat' dir='ltr'>verso</span> <span class='ocrx_word' id='word_1_285' title='bbox 1099 2357 1196 2411; x_wconf 92' lang='lat' dir='ltr'>modo.</span> 
     </span>
     <span class='ocr_line' id='line_1_25' title="bbox 121 2442 1824 2517; baseline 0.001 -15"><span class='ocrx_word' id='word_1_286' title='bbox 121 2444 179 2502; x_wconf 88' lang='lat' dir='ltr'>sibi</span> <span class='ocrx_word' id='word_1_287' title='bbox 195 2444 314 2501; x_wconf 90' lang='lat' dir='ltr'>tercium</span> <span class='ocrx_word' id='word_1_288' title='bbox 331 2447 455 2516; x_wconf 89' lang='lat' dir='ltr'>partem,</span> <span class='ocrx_word' id='word_1_289' title='bbox 473 2442 619 2499; x_wconf 85' lang='lat' dir='ltr'>causidico</span> <span class='ocrx_word' id='word_1_290' title='bbox 636 2443 792 2516; x_wconf 80' lang='lat' dir='ltr'>duaslpse</span> <span class='ocrx_word' id='word_1_291' title='bbox 806 2443 884 2498; x_wconf 90' lang='lat' dir='ltr'>enim</span> <span class='ocrx_word' id='word_1_292' title='bbox 902 2459 947 2498; x_wconf 88' lang='lat' dir='ltr'>ae·</span> <span class='ocrx_word' id='word_1_293' title='bbox 1038 2446 1069 2500; x_wconf 88' lang='lat' dir='ltr'>L.</span> <span class='ocrx_word' id='word_1_294' title='bbox 1088 2445 1118 2500; x_wconf 90' lang='lat' dir='ltr'>Si</span> <span class='ocrx_word' id='word_1_295' title='bbox 1134 2445 1201 2517; x_wconf 88' lang='lat' dir='ltr'>quis</span> <span class='ocrx_word' id='word_1_296' title='bbox 1217 2446 1252 2500; x_wconf 90' lang='lat' dir='ltr'>do</span> <span class='ocrx_word' id='word_1_297' title='bbox 1268 2446 1333 2501; x_wconf 88' lang='lat' dir='ltr'>navi</span> <span class='ocrx_word' id='word_1_298' title='bbox 1349 2463 1407 2501; x_wconf 90' lang='lat' dir='ltr'>una</span> <span class='ocrx_word' id='word_1_299' title='bbox 1420 2447 1449 2501; x_wconf 93' lang='lat' dir='ltr'>in</span> <span class='ocrx_word' id='word_1_300' title='bbox 1465 2445 1586 2502; x_wconf 90' lang='lat' dir='ltr'>alteram</span> <span class='ocrx_word' id='word_1_301' title='bbox 1602 2448 1699 2503; x_wconf 87' lang='lat' dir='ltr'>navim</span> <span class='ocrx_word' id='word_1_302' title='bbox 1713 2464 1824 2504; x_wconf 88' lang='lat' dir='ltr'>merca-</span> 
     </span>
     <span class='ocr_line' id='line_1_26' title="bbox 121 2529 1825 2607; baseline 0.001 -17"><span class='ocrx_word' id='word_1_303' title='bbox 121 2532 211 2606; x_wconf 87' lang='lat' dir='ltr'>cipiet</span> <span class='ocrx_word' id='word_1_304' title='bbox 224 2531 467 2605; x_wconf 90' lang='lat' dir='ltr'>compositionem</span> <span class='ocrx_word' id='word_1_305' title='bbox 483 2529 539 2588; x_wconf 91' lang='lat' dir='ltr'>sibi</span> <span class='ocrx_word' id='word_1_306' title='bbox 554 2532 672 2599; x_wconf 87' lang='lat' dir='ltr'>laetam,</span> <span class='ocrx_word' id='word_1_307' title='bbox 690 2537 720 2587; x_wconf 91' lang='lat' dir='ltr'>et</span> <span class='ocrx_word' id='word_1_308' title='bbox 739 2548 946 2604; x_wconf 90' lang='lat' dir='ltr'>quamcunque</span> <span class='ocrx_word' id='word_1_309' title='bbox 1002 2540 1083 2590; x_wconf 89' lang='lat' dir='ltr'>turos</span> <span class='ocrx_word' id='word_1_310' title='bbox 1107 2552 1177 2590; x_wconf 87' lang='lat' dir='ltr'>suus</span> <span class='ocrx_word' id='word_1_311' title='bbox 1202 2536 1431 2607; x_wconf 87' lang='lat' dir='ltr'>transposuerit,</span> <span class='ocrx_word' id='word_1_312' title='bbox 1448 2536 1482 2590; x_wconf 93' lang='lat' dir='ltr'>dc</span> <span class='ocrx_word' id='word_1_313' title='bbox 1506 2539 1629 2607; x_wconf 88' lang='lat' dir='ltr'>utraque</span> <span class='ocrx_word' id='word_1_314' title='bbox 1654 2538 1718 2592; x_wconf 90' lang='lat' dir='ltr'>navi</span> <span class='ocrx_word' id='word_1_315' title='bbox 1743 2537 1825 2592; x_wconf 88' lang='lat' dir='ltr'>dabit</span> 
     </span>
     <span class='ocr_line' id='line_1_27' title="bbox 121 2620 1285 2696; baseline -0.001 -16"><span class='ocrx_word' id='word_1_316' title='bbox 121 2639 272 2680; x_wconf 86' lang='lat' dir='ltr'>summam</span> <span class='ocrx_word' id='word_1_317' title='bbox 288 2622 318 2679; x_wconf 95' lang='lat' dir='ltr'>in</span> <span class='ocrx_word' id='word_1_318' title='bbox 333 2621 502 2694; x_wconf 87' lang='lat' dir='ltr'>accipienda</span> <span class='ocrx_word' id='word_1_319' title='bbox 511 2620 723 2693; x_wconf 89' lang='lat' dir='ltr'>compositione</span> <span class='ocrx_word' id='word_1_320' title='bbox 738 2620 946 2695; x_wconf 82' lang='lat' dir='ltr'>ipsesormave·</span> <span class='ocrx_word' id='word_1_321' title='bbox 1001 2627 1128 2696; x_wconf 90' lang='lat' dir='ltr'>quatuor</span> <span class='ocrx_word' id='word_1_322' title='bbox 1140 2623 1285 2679; x_wconf 89' lang='lat' dir='ltr'>denarios.</span> 
     </span>
     <span class='ocr_line' id='line_1_28' title="bbox 122 2707 1825 2784; baseline 0 -16"><span class='ocrx_word' id='word_1_323' title='bbox 122 2711 170 2780; x_wconf 89' lang='lat' dir='ltr'>rit,</span> <span class='ocrx_word' id='word_1_324' title='bbox 188 2711 249 2768; x_wconf 91' lang='lat' dir='ltr'>sive</span> <span class='ocrx_word' id='word_1_325' title='bbox 272 2726 402 2783; x_wconf 90' lang='lat' dir='ltr'>parvam,</span> <span class='ocrx_word' id='word_1_326' title='bbox 418 2710 478 2765; x_wconf 89' lang='lat' dir='ltr'>sive</span> <span class='ocrx_word' id='word_1_327' title='bbox 502 2726 651 2782; x_wconf 88' lang='lat' dir='ltr'>magnam,</span> <span class='ocrx_word' id='word_1_328' title='bbox 674 2707 755 2764; x_wconf 90' lang='lat' dir='ltr'>illam</span> <span class='ocrx_word' id='word_1_329' title='bbox 779 2708 947 2764; x_wconf 85' lang='lat' dir='ltr'>causidicus</span> <span class='ocrx_word' id='word_1_330' title='bbox 1037 2712 1263 2784; x_wconf 89' lang='lat' dir='ltr'>LI.Quieunque</span> <span class='ocrx_word' id='word_1_331' title='bbox 1278 2717 1421 2769; x_wconf 90' lang='lat' dir='ltr'>mercator</span> <span class='ocrx_word' id='word_1_332' title='bbox 1432 2714 1583 2769; x_wconf 92' lang='lat' dir='ltr'>transierit</span> <span class='ocrx_word' id='word_1_333' title='bbox 1598 2714 1626 2767; x_wconf 92' lang='lat' dir='ltr'>in</span> <span class='ocrx_word' id='word_1_334' title='bbox 1642 2713 1717 2769; x_wconf 90' lang='lat' dir='ltr'>hunc</span> <span class='ocrx_word' id='word_1_335' title='bbox 1728 2713 1825 2769; x_wconf 88' lang='lat' dir='ltr'>civita·</span> 
     </span>
     <span class='ocr_line' id='line_1_29' title="bbox 122 2797 1825 2871; baseline -0.001 -14"><span class='ocrx_word' id='word_1_336' title='bbox 122 2817 177 2857; x_wconf 87' lang='lat' dir='ltr'>nee</span> <span class='ocrx_word' id='word_1_337' title='bbox 202 2799 346 2866; x_wconf 89' lang='lat' dir='ltr'>minuere,</span> <span class='ocrx_word' id='word_1_338' title='bbox 364 2814 416 2854; x_wconf 92' lang='lat' dir='ltr'>nec</span> <span class='ocrx_word' id='word_1_339' title='bbox 437 2814 542 2871; x_wconf 89' lang='lat' dir='ltr'>augere</span> <span class='ocrx_word' id='word_1_340' title='bbox 565 2799 693 2866; x_wconf 90' lang='lat' dir='ltr'>debebit,</span> <span class='ocrx_word' id='word_1_341' title='bbox 710 2799 761 2854; x_wconf 87' lang='lat' dir='ltr'>sed</span> <span class='ocrx_word' id='word_1_342' title='bbox 784 2802 878 2853; x_wconf 88' lang='lat' dir='ltr'>ratam</span> <span class='ocrx_word' id='word_1_343' title='bbox 893 2797 946 2852; x_wconf 91' lang='lat' dir='ltr'>ha·</span> <span class='ocrx_word' id='word_1_344' title='bbox 1001 2804 1060 2855; x_wconf 89' lang='lat' dir='ltr'>tem</span> <span class='ocrx_word' id='word_1_345' title='bbox 1085 2817 1152 2855; x_wconf 92' lang='lat' dir='ltr'>eum</span> <span class='ocrx_word' id='word_1_346' title='bbox 1179 2801 1292 2856; x_wconf 86' lang='lat' dir='ltr'>soumis</span> <span class='ocrx_word' id='word_1_347' title='bbox 1316 2801 1393 2869; x_wconf 92' lang='lat' dir='ltr'>suis,</span> <span class='ocrx_word' id='word_1_348' title='bbox 1424 2801 1448 2856; x_wconf 91' lang='lat' dir='ltr'>si</span> <span class='ocrx_word' id='word_1_349' title='bbox 1474 2800 1563 2856; x_wconf 92' lang='lat' dir='ltr'>nichil</span> <span class='ocrx_word' id='word_1_350' title='bbox 1592 2801 1755 2857; x_wconf 83' lang='lat' dir='ltr'>vendiderit</span> <span class='ocrx_word' id='word_1_351' title='bbox 1781 2800 1825 2857; x_wconf 91' lang='lat' dir='ltr'>vel</span> 
     </span>
     <span class='ocr_line' id='line_1_30' title="bbox 123 2888 1537 2956; baseline 0 -10"><span class='ocrx_word' id='word_1_352' title='bbox 123 2888 216 2946; x_wconf 80' lang='lat' dir='ltr'>babit.</span> <span class='ocrx_word' id='word_1_353' title='bbox 1001 2889 1115 2956; x_wconf 86' lang='lat' dir='ltr'>emerit,</span> <span class='ocrx_word' id='word_1_354' title='bbox 1130 2889 1244 2945; x_wconf 91' lang='lat' dir='ltr'>nullum</span> <span class='ocrx_word' id='word_1_355' title='bbox 1262 2889 1430 2945; x_wconf 88' lang='lat' dir='ltr'>theloneum</span> <span class='ocrx_word' id='word_1_356' title='bbox 1446 2890 1537 2947; x_wconf 88' lang='lat' dir='ltr'>dabit.</span> 
     </span>
    </p>

    <p class='ocr_par' dir='ltr' id='par_1_7' title="bbox 122 2975 1827 3406">
     <span class='ocr_line' id='line_1_31' title="bbox 156 2975 1824 3051; baseline 0 -17"><span class='ocrx_word' id='word_1_357' title='bbox 156 2978 230 3034; x_wconf 91' lang='lat' dir='ltr'>XLI.</span> <span class='ocrx_word' id='word_1_358' title='bbox 245 2977 266 3032; x_wconf 79' lang='lat' dir='ltr'>ll</span> <span class='ocrx_word' id='word_1_359' title='bbox 282 2976 437 3043; x_wconf 87' lang='lat' dir='ltr'>contrario,</span> <span class='ocrx_word' id='word_1_360' title='bbox 455 2975 479 3030; x_wconf 88' lang='lat' dir='ltr'>si</span> <span class='ocrx_word' id='word_1_361' title='bbox 496 2976 572 3030; x_wconf 84' lang='lat' dir='ltr'>laeta</span> <span class='ocrx_word' id='word_1_362' title='bbox 587 2975 674 3030; x_wconf 88' lang='lat' dir='ltr'>luerit</span> <span class='ocrx_word' id='word_1_363' title='bbox 693 2976 865 3048; x_wconf 89' lang='lat' dir='ltr'>compositio</span> <span class='ocrx_word' id='word_1_364' title='bbox 891 2976 946 3048; x_wconf 88' lang='lat' dir='ltr'>ipsi</span> <span class='ocrx_word' id='word_1_365' title='bbox 1038 2978 1095 3033; x_wconf 90' lang='lat' dir='ltr'>Lll.</span> <span class='ocrx_word' id='word_1_366' title='bbox 1113 2979 1285 3050; x_wconf 80' lang='lat' dir='ltr'>Quicunque</span> <span class='ocrx_word' id='word_1_367' title='bbox 1300 2978 1336 3033; x_wconf 92' lang='lat' dir='ltr'>de</span> <span class='ocrx_word' id='word_1_368' title='bbox 1349 2978 1460 3033; x_wconf 79' lang='lat' dir='ltr'>familia</span> <span class='ocrx_word' id='word_1_369' title='bbox 1475 2978 1602 3038; x_wconf 80' lang='lat' dir='ltr'>Ecclesia</span> <span class='ocrx_word' id='word_1_370' title='bbox 1617 2979 1707 3051; x_wconf 76' lang='lat' dir='ltr'>buJ&#39;us</span> <span class='ocrx_word' id='word_1_371' title='bbox 1721 2980 1774 3048; x_wconf 91' lang='lat' dir='ltr'>vir,</span> <span class='ocrx_word' id='word_1_372' title='bbox 1781 2978 1824 3035; x_wconf 89' lang='lat' dir='ltr'>vel</span> 
     </span>
     <span class='ocr_line' id='line_1_32' title="bbox 123 3064 1826 3140; baseline 0.001 -17"><span class='ocrx_word' id='word_1_373' title='bbox 123 3066 356 3137; x_wconf 85' lang='lat' dir='ltr'>causidico‚ejus</span> <span class='ocrx_word' id='word_1_374' title='bbox 370 3064 426 3121; x_wconf 90' lang='lat' dir='ltr'>erit</span> <span class='ocrx_word' id='word_1_375' title='bbox 437 3066 489 3136; x_wconf 84' lang='lat' dir='ltr'>jus</span> <span class='ocrx_word' id='word_1_376' title='bbox 505 3064 637 3136; x_wconf 90' lang='lat' dir='ltr'>accipere</span> <span class='ocrx_word' id='word_1_377' title='bbox 653 3064 727 3120; x_wconf 83' lang='lat' dir='ltr'>duas</span> <span class='ocrx_word' id='word_1_378' title='bbox 743 3069 883 3137; x_wconf 90' lang='lat' dir='ltr'>partes‚et</span> <span class='ocrx_word' id='word_1_379' title='bbox 894 3069 946 3119; x_wconf 86' lang='lat' dir='ltr'>ter·</span> <span class='ocrx_word' id='word_1_380' title='bbox 1002 3067 1108 3122; x_wconf 92' lang='lat' dir='ltr'>mulier</span> <span class='ocrx_word' id='word_1_381' title='bbox 1122 3068 1285 3122; x_wconf 89' lang='lat' dir='ltr'>vendiderit</span> <span class='ocrx_word' id='word_1_382' title='bbox 1302 3067 1331 3122; x_wconf 89' lang='lat' dir='ltr'>in</span> <span class='ocrx_word' id='word_1_383' title='bbox 1348 3067 1401 3122; x_wconf 90' lang='lat' dir='ltr'>hac</span> <span class='ocrx_word' id='word_1_384' title='bbox 1416 3067 1531 3122; x_wconf 81' lang='lat' dir='ltr'>civitate</span> <span class='ocrx_word' id='word_1_385' title='bbox 1546 3085 1603 3136; x_wconf 90' lang='lat' dir='ltr'>res,</span> <span class='ocrx_word' id='word_1_386' title='bbox 1613 3084 1687 3140; x_wconf 89' lang='lat' dir='ltr'>quas</span> <span class='ocrx_word' id='word_1_387' title='bbox 1702 3066 1747 3125; x_wconf 87' lang='lat' dir='ltr'>vel</span> <span class='ocrx_word' id='word_1_388' title='bbox 1762 3084 1826 3124; x_wconf 88' lang='lat' dir='ltr'>ma·</span> 
     </span>
     <span class='ocr_line' id='line_1_33' title="bbox 122 3143 1827 3227; baseline 0 -15"><span class='ocrx_word' id='word_1_389' title='bbox 122 3154 199 3212; x_wconf 69' lang='lat' dir='ltr'>dam</span> <span class='ocrx_word' id='word_1_390' title='bbox 215 3154 355 3211; x_wconf 86' lang='lat' dir='ltr'>advocato</span> <span class='ocrx_word' id='word_1_391' title='bbox 369 3154 448 3209; x_wconf 86' lang='lat' dir='ltr'>dare.</span> <span class='ocrx_word' id='word_1_392' title='bbox 466 3153 501 3208; x_wconf 82' lang='lat' dir='ltr'>Et</span> <span class='ocrx_word' id='word_1_393' title='bbox 516 3152 653 3209; x_wconf 87' lang='lat' dir='ltr'>similiter</span> <span class='ocrx_word' id='word_1_394' title='bbox 667 3144 983 3225; x_wconf 74' lang='lat' dir='ltr'>‹qualicunqueeomC</span> <span class='ocrx_word' id='word_1_395' title='bbox 1003 3156 1091 3212; x_wconf 90' lang='lat' dir='ltr'>nibus</span> <span class='ocrx_word' id='word_1_396' title='bbox 1106 3143 1167 3211; x_wconf 76' lang='lat' dir='ltr'>s&#39;uis</span> <span class='ocrx_word' id='word_1_397' title='bbox 1184 3156 1293 3223; x_wconf 86' lang='lat' dir='ltr'>lecerit,</span> <span class='ocrx_word' id='word_1_398' title='bbox 1310 3156 1354 3211; x_wconf 91' lang='lat' dir='ltr'>vel</span> <span class='ocrx_word' id='word_1_399' title='bbox 1382 3173 1438 3227; x_wconf 93' lang='lat' dir='ltr'>que</span> <span class='ocrx_word' id='word_1_400' title='bbox 1462 3156 1604 3212; x_wconf 87' lang='lat' dir='ltr'>creverint</span> <span class='ocrx_word' id='word_1_401' title='bbox 1618 3157 1654 3225; x_wconf 90' lang='lat' dir='ltr'>ei,</span> <span class='ocrx_word' id='word_1_402' title='bbox 1672 3174 1729 3213; x_wconf 93' lang='lat' dir='ltr'>uon</span> <span class='ocrx_word' id='word_1_403' title='bbox 1744 3156 1827 3212; x_wconf 87' lang='lat' dir='ltr'>dabit</span> 
     </span>
     <span class='ocr_line' id='line_1_34' title="bbox 123 3241 1824 3319; baseline 0.002 -21"><span class='ocrx_word' id='word_1_404' title='bbox 123 3242 279 3317; x_wconf 85' lang='lat' dir='ltr'>positionis</span> <span class='ocrx_word' id='word_1_405' title='bbox 293 3243 356 3315; x_wconf 92' lang='lat' dir='ltr'>ipse</span> <span class='ocrx_word' id='word_1_406' title='bbox 372 3258 520 3298; x_wconf 90' lang='lat' dir='ltr'>summam</span> <span class='ocrx_word' id='word_1_407' title='bbox 538 3241 714 3311; x_wconf 91' lang='lat' dir='ltr'>sormaverit,</span> <span class='ocrx_word' id='word_1_408' title='bbox 724 3243 881 3299; x_wconf 84' lang='lat' dir='ltr'>advocatus</span> <span class='ocrx_word' id='word_1_409' title='bbox 891 3259 949 3298; x_wconf 92' lang='lat' dir='ltr'>non</span> <span class='ocrx_word' id='word_1_410' title='bbox 1004 3243 1184 3301; x_wconf 88' lang='lat' dir='ltr'>theloneum.</span> <span class='ocrx_word' id='word_1_411' title='bbox 1200 3244 1236 3299; x_wconf 82' lang='lat' dir='ltr'>ut</span> <span class='ocrx_word' id='word_1_412' title='bbox 1250 3244 1274 3301; x_wconf 80' lang='lat' dir='ltr'>si</span> <span class='ocrx_word' id='word_1_413' title='bbox 1291 3245 1361 3316; x_wconf 91' lang='lat' dir='ltr'>quid</span> <span class='ocrx_word' id='word_1_414' title='bbox 1377 3245 1480 3301; x_wconf 90' lang='lat' dir='ltr'>emerit</span> <span class='ocrx_word' id='word_1_415' title='bbox 1496 3248 1532 3300; x_wconf 90' lang='lat' dir='ltr'>ad</span> <span class='ocrx_word' id='word_1_416' title='bbox 1548 3262 1622 3317; x_wconf 92' lang='lat' dir='ltr'>opus</span> <span class='ocrx_word' id='word_1_417' title='bbox 1637 3262 1736 3314; x_wconf 90' lang='lat' dir='ltr'>suum,</span> <span class='ocrx_word' id='word_1_418' title='bbox 1747 3247 1824 3319; x_wconf 93' lang='lat' dir='ltr'>quod</span> 
     </span>
     <span class='ocr_line' id='line_1_35' title="bbox 125 3331 1825 3406; baseline 0.001 -17"><span class='ocrx_word' id='word_1_419' title='bbox 125 3331 264 3390; x_wconf 87' lang='lat' dir='ltr'>cassabit.</span> <span class='ocrx_word' id='word_1_420' title='bbox 1004 3332 1103 3406; x_wconf 83' lang='lat' dir='ltr'>gracia</span> <span class='ocrx_word' id='word_1_421' title='bbox 1118 3332 1189 3389; x_wconf 91' lang='lat' dir='ltr'>lucri</span> <span class='ocrx_word' id='word_1_422' title='bbox 1202 3334 1326 3395; x_wconf 87' lang='lat' dir='ltr'>vendere</span> <span class='ocrx_word' id='word_1_423' title='bbox 1345 3333 1481 3401; x_wconf 89' lang='lat' dir='ltr'>noluerit,</span> <span class='ocrx_word' id='word_1_424' title='bbox 1498 3333 1633 3390; x_wconf 90' lang='lat' dir='ltr'>similiter</span> <span class='ocrx_word' id='word_1_425' title='bbox 1656 3334 1825 3391; x_wconf 89' lang='lat' dir='ltr'>theloneum</span> 
     </span>
    </p>

    <p class='ocr_par' dir='ltr' id='par_1_8' title="bbox 126 3418 1827 3761">
     <span class='ocr_line' id='line_1_36' title="bbox 160 3418 1827 3496; baseline 0.001 -18"><span class='ocrx_word' id='word_1_426' title='bbox 160 3419 247 3478; x_wconf 86' lang='lat' dir='ltr'>XLII.</span> <span class='ocrx_word' id='word_1_427' title='bbox 262 3418 427 3476; x_wconf 86' lang='lat' dir='ltr'>Advocatus</span> <span class='ocrx_word' id='word_1_428' title='bbox 440 3422 538 3474; x_wconf 86' lang='lat' dir='ltr'>autem</span> <span class='ocrx_word' id='word_1_429' title='bbox 553 3436 611 3474; x_wconf 92' lang='lat' dir='ltr'>non</span> <span class='ocrx_word' id='word_1_430' title='bbox 633 3420 717 3475; x_wconf 90' lang='lat' dir='ltr'>debet</span> <span class='ocrx_word' id='word_1_431' title='bbox 735 3420 869 3491; x_wconf 88' lang='lat' dir='ltr'>judicare</span> <span class='ocrx_word' id='word_1_432' title='bbox 893 3418 950 3474; x_wconf 84' lang='lat' dir='ltr'>nisi</span> <span class='ocrx_word' id='word_1_433' title='bbox 1005 3439 1062 3478; x_wconf 90' lang='lat' dir='ltr'>nou</span> <span class='ocrx_word' id='word_1_434' title='bbox 1079 3422 1170 3477; x_wconf 90' lang='lat' dir='ltr'>dabit.</span> <span class='ocrx_word' id='word_1_435' title='bbox 1187 3422 1216 3477; x_wconf 88' lang='lat' dir='ltr'>Si</span> <span class='ocrx_word' id='word_1_436' title='bbox 1242 3422 1309 3495; x_wconf 90' lang='lat' dir='ltr'>quis</span> <span class='ocrx_word' id='word_1_437' title='bbox 1331 3427 1428 3478; x_wconf 87' lang='lat' dir='ltr'>tamen</span> <span class='ocrx_word' id='word_1_438' title='bbox 1445 3422 1618 3495; x_wconf 88' lang='lat' dir='ltr'>imposuerit</span> <span class='ocrx_word' id='word_1_439' title='bbox 1632 3424 1669 3492; x_wconf 88' lang='lat' dir='ltr'>ei,</span> <span class='ocrx_word' id='word_1_440' title='bbox 1686 3423 1765 3496; x_wconf 92' lang='lat' dir='ltr'>quod</span> <span class='ocrx_word' id='word_1_441' title='bbox 1780 3440 1827 3480; x_wconf 89' lang='lat' dir='ltr'>res</span> 
     </span>
     <span class='ocr_line' id='line_1_37' title="bbox 126 3507 1826 3584; baseline 0.001 -17"><span class='ocrx_word' id='word_1_442' title='bbox 126 3511 157 3567; x_wconf 88' lang='lat' dir='ltr'>iu</span> <span class='ocrx_word' id='word_1_443' title='bbox 171 3507 285 3584; x_wconf 89' lang='lat' dir='ltr'>palacio</span> <span class='ocrx_word' id='word_1_444' title='bbox 299 3507 438 3581; x_wconf 86' lang='lat' dir='ltr'>episcopi.</span> <span class='ocrx_word' id='word_1_445' title='bbox 455 3508 579 3574; x_wconf 77' lang='lat' dir='ltr'>Quodsi</span> <span class='ocrx_word' id='word_1_446' title='bbox 598 3508 628 3563; x_wconf 92' lang='lat' dir='ltr'>in</span> <span class='ocrx_word' id='word_1_447' title='bbox 651 3508 772 3563; x_wconf 89' lang='lat' dir='ltr'>domum</span> <span class='ocrx_word' id='word_1_448' title='bbox 796 3523 880 3564; x_wconf 88' lang='lat' dir='ltr'>suam</span> <span class='ocrx_word' id='word_1_449' title='bbox 895 3507 949 3563; x_wconf 86' lang='lat' dir='ltr'>eli·</span> <span class='ocrx_word' id='word_1_450' title='bbox 1004 3510 1121 3566; x_wconf 92' lang='lat' dir='ltr'>vendite</span> <span class='ocrx_word' id='word_1_451' title='bbox 1136 3510 1192 3565; x_wconf 90' lang='lat' dir='ltr'>sibi</span> <span class='ocrx_word' id='word_1_452' title='bbox 1209 3526 1267 3566; x_wconf 92' lang='lat' dir='ltr'>non</span> <span class='ocrx_word' id='word_1_453' title='bbox 1293 3510 1443 3578; x_wconf 86' lang='lat' dir='ltr'>creverint,</span> <span class='ocrx_word' id='word_1_454' title='bbox 1461 3510 1576 3583; x_wconf 90' lang='lat' dir='ltr'>abipso</span> <span class='ocrx_word' id='word_1_455' title='bbox 1600 3512 1674 3568; x_wconf 87' lang='lat' dir='ltr'>laete</span> <span class='ocrx_word' id='word_1_456' title='bbox 1690 3528 1747 3568; x_wconf 93' lang='lat' dir='ltr'>non</span> <span class='ocrx_word' id='word_1_457' title='bbox 1763 3513 1826 3569; x_wconf 86' lang='lat' dir='ltr'>lue-</span> 
     </span>
     <span class='ocr_line' id='line_1_38' title="bbox 127 3595 1827 3673; baseline 0 -17"><span class='ocrx_word' id='word_1_458' title='bbox 127 3614 217 3673; x_wconf 84' lang='lat' dir='ltr'>quem</span> <span class='ocrx_word' id='word_1_459' title='bbox 237 3597 395 3666; x_wconf 86' lang='lat' dir='ltr'>vocaverit,</span> <span class='ocrx_word' id='word_1_460' title='bbox 417 3596 477 3667; x_wconf 91' lang='lat' dir='ltr'>ille,</span> <span class='ocrx_word' id='word_1_461' title='bbox 502 3598 552 3670; x_wconf 92' lang='lat' dir='ltr'>qui</span> <span class='ocrx_word' id='word_1_462' title='bbox 580 3615 637 3654; x_wconf 94' lang='lat' dir='ltr'>non</span> <span class='ocrx_word' id='word_1_463' title='bbox 662 3597 782 3665; x_wconf 88' lang='lat' dir='ltr'>venerit,</span> <span class='ocrx_word' id='word_1_464' title='bbox 805 3614 862 3652; x_wconf 92' lang='lat' dir='ltr'>non</span> <span class='ocrx_word' id='word_1_465' title='bbox 886 3597 950 3654; x_wconf 89' lang='lat' dir='ltr'>ideo</span> <span class='ocrx_word' id='word_1_466' title='bbox 1006 3599 1076 3663; x_wconf 88' lang='lat' dir='ltr'>rint,</span> <span class='ocrx_word' id='word_1_467' title='bbox 1091 3596 1135 3653; x_wconf 85' lang='lat' dir='ltr'>vel</span> <span class='ocrx_word' id='word_1_468' title='bbox 1153 3614 1242 3655; x_wconf 88' lang='lat' dir='ltr'>causa</span> <span class='ocrx_word' id='word_1_469' title='bbox 1256 3595 1329 3654; x_wconf 90' lang='lat' dir='ltr'>lucri</span> <span class='ocrx_word' id='word_1_470' title='bbox 1345 3597 1457 3667; x_wconf 90' lang='lat' dir='ltr'>emerit,</span> <span class='ocrx_word' id='word_1_471' title='bbox 1475 3597 1602 3671; x_wconf 91' lang='lat' dir='ltr'>simplici</span> <span class='ocrx_word' id='word_1_472' title='bbox 1616 3615 1706 3656; x_wconf 89' lang='lat' dir='ltr'>manu</span> <span class='ocrx_word' id='word_1_473' title='bbox 1727 3616 1827 3658; x_wconf 88' lang='lat' dir='ltr'>suase</span> 
     </span>
     <span class='ocr_line' id='line_1_39' title="bbox 128 3686 1187 3761; baseline -0.004 -16"><span class='ocrx_word' id='word_1_474' title='bbox 128 3687 287 3761; x_wconf 87' lang='lat' dir='ltr'>quiequam</span> <span class='ocrx_word' id='word_1_475' title='bbox 304 3689 333 3743; x_wconf 87' lang='lat' dir='ltr'>et</span> <span class='ocrx_word' id='word_1_476' title='bbox 347 3691 514 3760; x_wconf 90' lang='lat' dir='ltr'>componet.</span> <span class='ocrx_word' id='word_1_477' title='bbox 1005 3686 1187 3759; x_wconf 86' lang='lat' dir='ltr'>expurgabit.</span> 
     </span>
    </p>

    <p class='ocr_par' dir='ltr' id='par_1_9' title="bbox 130 3766 1829 4115">
     <span class='ocr_line' id='line_1_40' title="bbox 163 3766 1828 3849; baseline -0.002 -15"><span class='ocrx_word' id='word_1_478' title='bbox 163 3774 263 3849; x_wconf 79' lang='lat' dir='ltr'>xum.</span> <span class='ocrx_word' id='word_1_479' title='bbox 280 3774 395 3832; x_wconf 83' lang='lat' dir='ltr'>Mortuo</span> <span class='ocrx_word' id='word_1_480' title='bbox 411 3791 477 3832; x_wconf 88' lang='lat' dir='ltr'>vero</span> <span class='ocrx_word' id='word_1_481' title='bbox 493 3776 645 3844; x_wconf 88' lang='lat' dir='ltr'>advocato,</span> <span class='ocrx_word' id='word_1_482' title='bbox 661 3774 705 3831; x_wconf 88' lang='lat' dir='ltr'>vel</span> <span class='ocrx_word' id='word_1_483' title='bbox 725 3779 845 3831; x_wconf 86' lang='lat' dir='ltr'>vacante</span> <span class='ocrx_word' id='word_1_484' title='bbox 865 3774 950 3831; x_wconf 87' lang='lat' dir='ltr'>advo·</span> <span class='ocrx_word' id='word_1_485' title='bbox 1043 3775 1114 3830; x_wconf 84' lang='lat' dir='ltr'>Llll.</span> <span class='ocrx_word' id='word_1_486' title='bbox 1131 3774 1161 3831; x_wconf 86' lang='lat' dir='ltr'>Si</span> <span class='ocrx_word' id='word_1_487' title='bbox 1175 3766 1242 3846; x_wconf 88' lang='lat' dir='ltr'>quis</span> <span class='ocrx_word' id='word_1_488' title='bbox 1257 3775 1369 3844; x_wconf 88' lang='lat' dir='ltr'>emerit,</span> <span class='ocrx_word' id='word_1_489' title='bbox 1381 3774 1425 3831; x_wconf 91' lang='lat' dir='ltr'>vel</span> <span class='ocrx_word' id='word_1_490' title='bbox 1441 3774 1602 3832; x_wconf 91' lang='lat' dir='ltr'>vendiderit</span> <span class='ocrx_word' id='word_1_491' title='bbox 1616 3776 1828 3849; x_wconf 88' lang='lat' dir='ltr'>citraquinquo</span> 
     </span>
     <span class='ocr_line' id='line_1_41' title="bbox 130 3863 1489 3939; baseline -0.004 -16"><span class='ocrx_word' id='word_1_492' title='bbox 130 3863 951 3939; x_wconf 77' lang='lat' dir='ltr'>eatisquoeunquemodo,episeopusnullumadvocatum</span> <span class='ocrx_word' id='word_1_493' title='bbox 1006 3863 1126 3931; x_wconf 77' lang='lat' dir='ltr'>solidoS,</span> <span class='ocrx_word' id='word_1_494' title='bbox 1142 3863 1310 3919; x_wconf 85' lang='lat' dir='ltr'>theloneum</span> <span class='ocrx_word' id='word_1_495' title='bbox 1326 3880 1383 3919; x_wconf 92' lang='lat' dir='ltr'>non</span> <span class='ocrx_word' id='word_1_496' title='bbox 1399 3864 1489 3920; x_wconf 90' lang='lat' dir='ltr'>dabit.</span> 
     </span>
     <span class='ocr_line' id='line_1_42' title="bbox 131 3951 1828 4028; baseline 0 -18"><span class='ocrx_word' id='word_1_497' title='bbox 131 3969 239 4028; x_wconf 88' lang='lat' dir='ltr'>ponere</span> <span class='ocrx_word' id='word_1_498' title='bbox 254 3953 340 4011; x_wconf 89' lang='lat' dir='ltr'>debet</span> <span class='ocrx_word' id='word_1_499' title='bbox 354 3953 417 4009; x_wconf 89' lang='lat' dir='ltr'>sins</span> <span class='ocrx_word' id='word_1_500' title='bbox 432 3951 570 4008; x_wconf 88' lang='lat' dir='ltr'>electione</span> <span class='ocrx_word' id='word_1_501' title='bbox 584 3956 613 4009; x_wconf 89' lang='lat' dir='ltr'>et</span> <span class='ocrx_word' id='word_1_502' title='bbox 631 3968 775 4009; x_wconf 87' lang='lat' dir='ltr'>consensu</span> <span class='ocrx_word' id='word_1_503' title='bbox 799 3951 953 4008; x_wconf 88' lang='lat' dir='ltr'>canonico·</span> <span class='ocrx_word' id='word_1_504' title='bbox 1044 3952 1113 4009; x_wconf 87' lang='lat' dir='ltr'>Llll.</span> <span class='ocrx_word' id='word_1_505' title='bbox 1130 3951 1171 4009; x_wconf 89' lang='lat' dir='ltr'>Dc</span> <span class='ocrx_word' id='word_1_506' title='bbox 1185 3951 1315 4025; x_wconf 90' lang='lat' dir='ltr'>quinque</span> <span class='ocrx_word' id='word_1_507' title='bbox 1328 3951 1431 4009; x_wconf 87' lang='lat' dir='ltr'>solidis</span> <span class='ocrx_word' id='word_1_508' title='bbox 1446 3968 1601 4009; x_wconf 90' lang='lat' dir='ltr'>nummum</span> <span class='ocrx_word' id='word_1_509' title='bbox 1619 3952 1710 4022; x_wconf 90' lang='lat' dir='ltr'>dabit,</span> <span class='ocrx_word' id='word_1_510' title='bbox 1727 3952 1762 4011; x_wconf 92' lang='lat' dir='ltr'>de</span> <span class='ocrx_word' id='word_1_511' title='bbox 1785 3957 1828 4010; x_wconf 88' lang='lat' dir='ltr'>ta·</span> 
     </span>
     <span class='ocr_line' id='line_1_43' title="bbox 132 4040 1829 4115; baseline -0.002 -14"><span class='ocrx_word' id='word_1_512' title='bbox 132 4060 208 4114; x_wconf 88' lang='lat' dir='ltr'>rum,</span> <span class='ocrx_word' id='word_1_513' title='bbox 223 4040 460 4100; x_wconf 88' lang='lat' dir='ltr'>ministerialium</span> <span class='ocrx_word' id='word_1_514' title='bbox 476 4045 505 4098; x_wconf 91' lang='lat' dir='ltr'>et</span> <span class='ocrx_word' id='word_1_515' title='bbox 519 4041 710 4115; x_wconf 90' lang='lat' dir='ltr'>burgensium</span> <span class='ocrx_word' id='word_1_516' title='bbox 726 4042 793 4111; x_wconf 86' lang='lat'>(13).</span> <span class='ocrx_word' id='word_1_517' title='bbox 1008 4042 1087 4099; x_wconf 93' lang='lat' dir='ltr'>lento</span> <span class='ocrx_word' id='word_1_518' title='bbox 1103 4046 1240 4114; x_wconf 91' lang='lat' dir='ltr'>quatuor,</span> <span class='ocrx_word' id='word_1_519' title='bbox 1254 4042 1289 4097; x_wconf 92' lang='lat' dir='ltr'>de</span> <span class='ocrx_word' id='word_1_520' title='bbox 1304 4058 1378 4114; x_wconf 92' lang='lat' dir='ltr'>equo</span> <span class='ocrx_word' id='word_1_521' title='bbox 1390 4046 1526 4114; x_wconf 89' lang='lat' dir='ltr'>quatuor,</span> <span class='ocrx_word' id='word_1_522' title='bbox 1541 4043 1577 4098; x_wconf 90' lang='lat' dir='ltr'>de</span> <span class='ocrx_word' id='word_1_523' title='bbox 1592 4041 1673 4099; x_wconf 92' lang='lat' dir='ltr'>mulo</span> <span class='ocrx_word' id='word_1_524' title='bbox 1693 4046 1829 4115; x_wconf 87' lang='lat' dir='ltr'>quatuor,</span> 
     </span>
    </p>

    <p class='ocr_par' dir='ltr' id='par_1_10' title="bbox 194 4129 1323 4202">
     <span class='ocr_line' id='line_1_44' title="bbox 194 4129 1323 4202; baseline -0.003 -14"><span class='ocrx_word' id='word_1_525' title='bbox 194 4129 293 4188; x_wconf 87' lang='lat' dir='ltr'>XLIV.</span> <span class='ocrx_word' id='word_1_526' title='bbox 309 4131 451 4202; x_wconf 73' lang='lat' dir='ltr'>neoforto</span> <span class='ocrx_word' id='word_1_527' title='bbox 466 4129 621 4202; x_wconf 67' lang='lat' dir='ltr'>burcgravii</span> <span class='ocrx_word' id='word_1_528' title='bbox 634 4138 660 4186; x_wconf 85' lang='lat' dir='ltr'>et</span> <span class='ocrx_word' id='word_1_529' title='bbox 675 4130 804 4187; x_wconf 84' lang='lat' dir='ltr'>Theloaco</span> <span class='ocrx_word' id='word_1_530' title='bbox 817 4133 886 4202; x_wconf 78' lang='lat' dir='ltr'>ejas.</span> <span class='ocrx_word' id='word_1_531' title='bbox 1009 4132 1045 4186; x_wconf 92' lang='lat' dir='ltr'>de</span> <span class='ocrx_word' id='word_1_532' title='bbox 1061 4132 1144 4187; x_wconf 88' lang='lat' dir='ltr'>asino</span> <span class='ocrx_word' id='word_1_533' title='bbox 1159 4130 1323 4186; x_wconf 88' lang='lat' dir='ltr'>denarium.</span> 
     </span>
    </p>

    <p class='ocr_par' dir='ltr' id='par_1_11' title="bbox 167 4217 1830 4295">
     <span class='ocr_line' id='line_1_45' title="bbox 167 4217 1830 4295; baseline 0 -18"><span class='ocrx_word' id='word_1_534' title='bbox 167 4220 213 4277; x_wconf 77' lang='lat' dir='ltr'>Ad</span> <span class='ocrx_word' id='word_1_535' title='bbox 225 4219 356 4277; x_wconf 79' lang='lat' dir='ltr'>officium</span> <span class='ocrx_word' id='word_1_536' title='bbox 368 4217 533 4292; x_wconf 82' lang='lat' dir='ltr'>burcgravii</span> <span class='ocrx_word' id='word_1_537' title='bbox 543 4218 670 4291; x_wconf 88' lang='lat' dir='ltr'>pertinet</span> <span class='ocrx_word' id='word_1_538' title='bbox 680 4235 787 4291; x_wconf 88' lang='lat' dir='ltr'>ponere</span> <span class='ocrx_word' id='word_1_539' title='bbox 797 4219 954 4292; x_wconf 86' lang='lat' dir='ltr'>magistros</span> <span class='ocrx_word' id='word_1_540' title='bbox 1045 4221 1101 4277; x_wconf 89' lang='lat' dir='ltr'>LV.</span> <span class='ocrx_word' id='word_1_541' title='bbox 1119 4218 1300 4276; x_wconf 83' lang='lat' dir='ltr'>Tbeloneum</span> <span class='ocrx_word' id='word_1_542' title='bbox 1315 4220 1351 4276; x_wconf 90' lang='lat' dir='ltr'>de</span> <span class='ocrx_word' id='word_1_543' title='bbox 1364 4219 1541 4276; x_wconf 89' lang='lat' dir='ltr'>carbonibus</span> <span class='ocrx_word' id='word_1_544' title='bbox 1550 4224 1579 4276; x_wconf 91' lang='lat' dir='ltr'>et</span> <span class='ocrx_word' id='word_1_545' title='bbox 1593 4221 1629 4278; x_wconf 92' lang='lat' dir='ltr'>de</span> <span class='ocrx_word' id='word_1_546' title='bbox 1645 4237 1755 4295; x_wconf 88' lang='lat' dir='ltr'>canapo</span> <span class='ocrx_word' id='word_1_547' title='bbox 1771 4221 1830 4277; x_wconf 91' lang='lat' dir='ltr'>the·</span> 
     </span>
    </p>

    <p class='ocr_par' dir='ltr' id='par_1_12' title="bbox 133 4306 1833 4382">
     <span class='ocr_line' id='line_1_46' title="bbox 133 4306 1833 4382; baseline 0 -17"><span class='ocrx_word' id='word_1_548' title='bbox 133 4309 264 4365; x_wconf 88' lang='lat' dir='ltr'>omnium</span> <span class='ocrx_word' id='word_1_549' title='bbox 274 4307 441 4365; x_wconf 82' lang='lat' dir='ltr'>officiorum</span> <span class='ocrx_word' id='word_1_550' title='bbox 452 4306 751 4376; x_wconf 84' lang='lat' dir='ltr'>lereinurbe,scilicet</span> <span class='ocrx_word' id='word_1_551' title='bbox 760 4306 953 4375; x_wconf 89' lang='lat' dir='ltr'>sellariorum,</span> <span class='ocrx_word' id='word_1_552' title='bbox 1008 4309 1155 4366; x_wconf 85' lang='lat' dir='ltr'>lonearius</span> <span class='ocrx_word' id='word_1_553' title='bbox 1168 4326 1226 4364; x_wconf 90' lang='lat' dir='ltr'>nou</span> <span class='ocrx_word' id='word_1_554' title='bbox 1241 4309 1440 4382; x_wconf 86' lang='lat' dir='ltr'>accipit,quod</span> <span class='ocrx_word' id='word_1_555' title='bbox 1451 4309 1580 4382; x_wconf 90' lang='lat' dir='ltr'>episcopi</span> <span class='ocrx_word' id='word_1_556' title='bbox 1595 4309 1833 4382; x_wconf 88' lang='lat' dir='ltr'>hueusquesum·</span> 
     </span>
    </p>
   </div>
   <div class='ocr_carea' id='block_1_3' title="bbox 129 4449 1837 5453">
    <p class='ocr_par' dir='ltr' id='par_1_13' title="bbox 132 4449 1834 4860">
     <span class='ocr_line' id='line_1_47' title="bbox 167 4449 1830 4526; baseline -0.001 -19"><span class='ocrx_word' id='word_1_557' title='bbox 167 4452 228 4523; x_wconf 78' lang='lat' dir='ltr'>(te)</span> <span class='ocrx_word' id='word_1_558' title='bbox 242 4449 370 4507; x_wconf 71' lang='lat' dir='ltr'>Hirsetot.</span> <span class='ocrx_word' id='word_1_559' title='bbox 387 4450 425 4506; x_wconf 84' lang='lat' dir='ltr'>Ge</span> <span class='ocrx_word' id='word_1_560' title='bbox 439 4453 501 4506; x_wconf 90' lang='lat' dir='ltr'>mot</span> <span class='ocrx_word' id='word_1_561' title='bbox 524 4449 638 4522; x_wconf 80' lang='lat' dir='ltr'>signifie</span> <span class='ocrx_word' id='word_1_562' title='bbox 662 4465 720 4505; x_wconf 90' lang='lat' dir='ltr'>une</span> <span class='ocrx_word' id='word_1_563' title='bbox 742 4449 891 4505; x_wconf 89' lang='lat' dir='ltr'>mauvaise</span> <span class='ocrx_word' id='word_1_564' title='bbox 905 4467 954 4506; x_wconf 91' lang='lat' dir='ltr'>ac·</span> <span class='ocrx_word' id='word_1_565' title='bbox 1010 4453 1316 4521; x_wconf 77' lang='lat' dir='ltr'>alrot·ii,(observat.12‚</span> <span class='ocrx_word' id='word_1_566' title='bbox 1324 4453 1504 4526; x_wconf 78' lang='lat' dir='ltr'>pag.729),et</span> <span class='ocrx_word' id='word_1_567' title='bbox 1516 4451 1830 4508; x_wconf 75' lang='lat' dir='ltr'>tt&#39;enctercmdetlrtor.</span> 
     </span>
     <span class='ocr_line' id='line_1_48' title="bbox 134 4511 1832 4597; baseline -0.001 -18"><span class='ocrx_word' id='word_1_568' title='bbox 134 4523 207 4591; x_wconf 86' lang='lat' dir='ltr'>tion,</span> <span class='ocrx_word' id='word_1_569' title='bbox 223 4538 332 4580; x_wconf 90' lang='lat' dir='ltr'>ouuue</span> <span class='ocrx_word' id='word_1_570' title='bbox 346 4522 426 4579; x_wconf 85' lang='lat' dir='ltr'>faute</span> <span class='ocrx_word' id='word_1_571' title='bbox 441 4520 757 4578; x_wconf 83' lang='lat' dir='ltr'>eriminelle.·Sehrttcri</span> <span class='ocrx_word' id='word_1_572' title='bbox 777 4529 803 4577; x_wconf 84' lang='lat' dir='ltr'>rt</span> <span class='ocrx_word' id='word_1_573' title='bbox 822 4522 958 4578; x_wconf 80' lang='lat' dir='ltr'>Holtouaii</span> <span class='ocrx_word' id='word_1_574' title='bbox 972 4511 996 4576; x_wconf 84' lang='lat' dir='ltr'>D</span> <span class='ocrx_word' id='word_1_575' title='bbox 1010 4526 1094 4597; x_wconf 78' lang='lat' dir='ltr'>peria,</span> <span class='ocrx_word' id='word_1_576' title='bbox 1107 4527 1186 4597; x_wconf 84' lang='lat' dir='ltr'>(pag.</span> <span class='ocrx_word' id='word_1_577' title='bbox 1209 4525 1266 4591; x_wconf 79' lang='lat' dir='ltr'>st),</span> <span class='ocrx_word' id='word_1_578' title='bbox 1292 4524 1318 4579; x_wconf 90' lang='lat' dir='ltr'>le</span> <span class='ocrx_word' id='word_1_579' title='bbox 1342 4525 1502 4596; x_wconf 82' lang='lat' dir='ltr'>bourgrave</span> <span class='ocrx_word' id='word_1_580' title='bbox 1526 4525 1561 4579; x_wconf 92' lang='lat' dir='ltr'>de</span> <span class='ocrx_word' id='word_1_581' title='bbox 1585 4523 1713 4595; x_wconf 79' lang='lat' dir='ltr'>leveque</span> <span class='ocrx_word' id='word_1_582' title='bbox 1736 4523 1832 4578; x_wconf 87' lang='lat' dir='ltr'>devait</span> 
     </span>
     <span class='ocr_line' id='line_1_49' title="bbox 133 4591 1833 4676; baseline -0.001 -24"><span class='ocrx_word' id='word_1_583' title='bbox 133 4594 282 4662; x_wconf 69' lang='lat' dir='ltr'>eumue,</span> <span class='ocrx_word' id='word_1_584' title='bbox 298 4607 365 4666; x_wconf 85' lang='lat' dir='ltr'>pag.</span> <span class='ocrx_word' id='word_1_585' title='bbox 381 4594 435 4649; x_wconf 83' lang='lat'>590</span> <span class='ocrx_word' id='word_1_586' title='bbox 448 4597 478 4648; x_wconf 88' lang='lat' dir='ltr'>et</span> <span class='ocrx_word' id='word_1_587' title='bbox 494 4594 573 4649; x_wconf 86' lang='lat'>1352.</span> <span class='ocrx_word' id='word_1_588' title='bbox 588 4591 705 4649; x_wconf 67' lang='lat' dir='ltr'>Murem</span> <span class='ocrx_word' id='word_1_589' title='bbox 727 4593 823 4649; x_wconf 79' lang='lat' dir='ltr'>derivo</span> <span class='ocrx_word' id='word_1_590' title='bbox 838 4593 874 4649; x_wconf 92' lang='lat' dir='ltr'>de</span> <span class='ocrx_word' id='word_1_591' title='bbox 888 4594 955 4661; x_wconf 77' lang='lat' dir='ltr'>drot,</span> <span class='ocrx_word' id='word_1_592' title='bbox 1010 4594 1111 4651; x_wconf 90' lang='lat' dir='ltr'>veiller</span> <span class='ocrx_word' id='word_1_593' title='bbox 1126 4593 1391 4676; x_wconf 83' lang='lat' dir='ltr'>particulieremcut</span> <span class='ocrx_word' id='word_1_594' title='bbox 1406 4612 1458 4650; x_wconf 92' lang='lat' dir='ltr'>sur</span> <span class='ocrx_word' id='word_1_595' title='bbox 1472 4594 1514 4650; x_wconf 94' lang='lat' dir='ltr'>les</span> <span class='ocrx_word' id='word_1_596' title='bbox 1535 4610 1620 4665; x_wconf 93' lang='lat' dir='ltr'>corps</span> <span class='ocrx_word' id='word_1_597' title='bbox 1642 4594 1679 4649; x_wconf 89' lang='lat' dir='ltr'>de</span> <span class='ocrx_word' id='word_1_598' title='bbox 1702 4594 1833 4663; x_wconf 79' lang='lat' dir='ltr'>metiers,</span> 
     </span>
     <span class='ocr_line' id='line_1_50' title="bbox 133 4661 1834 4738; baseline -0.001 -16"><span class='ocrx_word' id='word_1_599' title='bbox 133 4665 244 4732; x_wconf 85' lang='lat' dir='ltr'>aetion,</span> <span class='ocrx_word' id='word_1_600' title='bbox 256 4669 287 4721; x_wconf 90' lang='lat' dir='ltr'>et</span> <span class='ocrx_word' id='word_1_601' title='bbox 309 4664 345 4720; x_wconf 90' lang='lat' dir='ltr'>de</span> <span class='ocrx_word' id='word_1_602' title='bbox 368 4665 435 4720; x_wconf 66' lang='lat' dir='ltr'>mus</span> <span class='ocrx_word' id='word_1_603' title='bbox 450 4662 501 4735; x_wconf 90' lang='lat' dir='ltr'>qui</span> <span class='ocrx_word' id='word_1_604' title='bbox 515 4665 613 4736; x_wconf 84' lang='lat' dir='ltr'>ajoute</span> <span class='ocrx_word' id='word_1_605' title='bbox 628 4667 646 4721; x_wconf 80' lang='lat' dir='ltr'>t</span> <span class='ocrx_word' id='word_1_606' title='bbox 660 4663 776 4720; x_wconf 84' lang='lat' dir='ltr'>l&#39;action</span> <span class='ocrx_word' id='word_1_607' title='bbox 792 4661 821 4719; x_wconf 92' lang='lat' dir='ltr'>la</span> <span class='ocrx_word' id='word_1_608' title='bbox 837 4681 957 4738; x_wconf 86' lang='lat' dir='ltr'>marque</span> <span class='ocrx_word' id='word_1_609' title='bbox 1012 4668 1083 4723; x_wconf 89' lang='lat' dir='ltr'>dont</span> <span class='ocrx_word' id='word_1_610' title='bbox 1106 4665 1288 4738; x_wconf 81' lang='lat' dir='ltr'>l&#39;rnspection</span> <span class='ocrx_word' id='word_1_611' title='bbox 1314 4665 1393 4721; x_wconf 90' lang='lat' dir='ltr'>seule</span> <span class='ocrx_word' id='word_1_612' title='bbox 1408 4666 1449 4720; x_wconf 92' lang='lat' dir='ltr'>lui</span> <span class='ocrx_word' id='word_1_613' title='bbox 1465 4664 1660 4738; x_wconf 89' lang='lat' dir='ltr'>apparteuait.</span> <span class='ocrx_word' id='word_1_614' title='bbox 1679 4664 1700 4719; x_wconf 94' lang='lat' dir='ltr'>ll</span> <span class='ocrx_word' id='word_1_615' title='bbox 1717 4664 1793 4720; x_wconf 85' lang='lat' dir='ltr'>avait</span> <span class='ocrx_word' id='word_1_616' title='bbox 1805 4663 1834 4720; x_wconf 90' lang='lat' dir='ltr'>le</span> 
     </span>
     <span class='ocr_line' id='line_1_51' title="bbox 132 4733 1832 4860; baseline -0.002 -65"><span class='ocrx_word' id='word_1_617' title='bbox 132 4737 168 4795; x_wconf 85' lang='lat' dir='ltr'>de</span> <span class='ocrx_word' id='word_1_618' title='bbox 182 4733 383 4793; x_wconf 72' lang='lat' dir='ltr'>mechaneete.</span> <span class='ocrx_word' id='word_1_619' title='bbox 404 4734 549 4791; x_wconf 83' lang='lat' dir='ltr'>Wotehteri</span> <span class='ocrx_word' id='word_1_620' title='bbox 562 4735 739 4801; x_wconf 80' lang='lat' dir='ltr'>Glossarium,</span> <span class='ocrx_word' id='word_1_621' title='bbox 756 4751 820 4860; x_wconf 65' lang='lat' dir='ltr'>pag.</span> <span class='ocrx_word' id='word_1_622' title='bbox 840 4737 920 4791; x_wconf 76' lang='lat'>1082.</span> <span class='ocrx_word' id='word_1_623' title='bbox 1012 4738 1089 4794; x_wconf 90' lang='lat' dir='ltr'>droit</span> <span class='ocrx_word' id='word_1_624' title='bbox 1104 4737 1138 4793; x_wconf 90' lang='lat' dir='ltr'>de</span> <span class='ocrx_word' id='word_1_625' title='bbox 1150 4742 1321 4793; x_wconf 83' lang='lat' dir='ltr'>commettre</span> <span class='ocrx_word' id='word_1_626' title='bbox 1336 4755 1372 4792; x_wconf 92' lang='lat' dir='ltr'>en</span> <span class='ocrx_word' id='word_1_627' title='bbox 1389 4753 1441 4792; x_wconf 90' lang='lat' dir='ltr'>son</span> <span class='ocrx_word' id='word_1_628' title='bbox 1457 4753 1525 4791; x_wconf 85' lang='lat' dir='ltr'>nour</span> <span class='ocrx_word' id='word_1_629' title='bbox 1541 4737 1615 4791; x_wconf 90' lang='lat' dir='ltr'>dans</span> <span class='ocrx_word' id='word_1_630' title='bbox 1630 4734 1744 4806; x_wconf 91' lang='lat' dir='ltr'>chaque</span> <span class='ocrx_word' id='word_1_631' title='bbox 1760 4737 1832 4791; x_wconf 84' lang='lat' dir='ltr'>mai·</span> 
     </span>
    </p>

    <p class='ocr_par' dir='ltr' id='par_1_14' title="bbox 129 4805 1836 5236">
     <span class='ocr_line' id='line_1_52' title="bbox 167 4805 1834 4881; baseline -0.001 -17"><span class='ocrx_word' id='word_1_632' title='bbox 167 4805 600 4881; x_wconf 66' lang='lat' dir='ltr'>(tucemotnesigntaepcs</span> <span class='ocrx_word' id='word_1_633' title='bbox 623 4824 659 4863; x_wconf 92' lang='lat' dir='ltr'>en</span> <span class='ocrx_word' id='word_1_634' title='bbox 682 4809 789 4879; x_wconf 80' lang='lat' dir='ltr'>genera</span> <span class='ocrx_word' id='word_1_635' title='bbox 825 4811 891 4863; x_wconf 90' lang='lat' dir='ltr'>teus</span> <span class='ocrx_word' id='word_1_636' title='bbox 916 4806 957 4863; x_wconf 89' lang='lat' dir='ltr'>les</span> <span class='ocrx_word' id='word_1_637' title='bbox 1013 4806 1834 4879; x_wconf 85' lang='lat' dir='ltr'>triseunmaltrepourconnattreuniquementdesob-</span> 
     </span>
     <span class='ocr_line' id='line_1_53' title="bbox 131 4876 1835 4964; baseline -0.002 -28"><span class='ocrx_word' id='word_1_638' title='bbox 131 4877 290 4952; x_wconf 80' lang='lat' dir='ltr'>bourgeois</span> <span class='ocrx_word' id='word_1_639' title='bbox 305 4877 341 4933; x_wconf 90' lang='lat' dir='ltr'>de</span> <span class='ocrx_word' id='word_1_640' title='bbox 354 4876 957 4964; x_wconf 81' lang='lat' dir='ltr'>laville,maisseulementlcsprincipaux‚</span> <span class='ocrx_word' id='word_1_641' title='bbox 1008 4882 1068 4952; x_wconf 74' lang='lat' dir='ltr'>J&#39;ets</span> <span class='ocrx_word' id='word_1_642' title='bbox 1085 4879 1227 4936; x_wconf 89' lang='lat' dir='ltr'>relatilstt</span> <span class='ocrx_word' id='word_1_643' title='bbox 1251 4896 1304 4934; x_wconf 91' lang='lat' dir='ltr'>son</span> <span class='ocrx_word' id='word_1_644' title='bbox 1329 4878 1440 4933; x_wconf 77' lang='lat' dir='ltr'>melier.</span> <span class='ocrx_word' id='word_1_645' title='bbox 1458 4878 1512 4932; x_wconf 89' lang='lat' dir='ltr'>Les</span> <span class='ocrx_word' id='word_1_646' title='bbox 1537 4877 1654 4933; x_wconf 81' lang='lat' dir='ltr'>metiers</span> <span class='ocrx_word' id='word_1_647' title='bbox 1679 4876 1835 4933; x_wconf 85' lang='lat' dir='ltr'>sormaient</span> 
     </span>
     <span class='ocr_line' id='line_1_54' title="bbox 131 4946 1835 5023; baseline -0.004 -15"><span class='ocrx_word' id='word_1_648' title='bbox 131 4965 248 5008; x_wconf 79' lang='lat' dir='ltr'>comme</span> <span class='ocrx_word' id='word_1_649' title='bbox 261 4951 343 5005; x_wconf 81' lang='lat' dir='ltr'>etant</span> <span class='ocrx_word' id='word_1_650' title='bbox 350 4946 436 5004; x_wconf 79' lang='lat' dir='ltr'>l&#39;elite</span> <span class='ocrx_word' id='word_1_651' title='bbox 451 4948 503 5004; x_wconf 87' lang='lat' dir='ltr'>des</span> <span class='ocrx_word' id='word_1_652' title='bbox 513 4948 756 5023; x_wconf 79' lang='lat' dir='ltr'>bourgeoisC&#39;est</span> <span class='ocrx_word' id='word_1_653' title='bbox 766 4948 775 5003; x_wconf 98' lang='lat' dir='ltr'>l</span> <span class='ocrx_word' id='word_1_654' title='bbox 786 4948 958 5021; x_wconf 77' lang='lat' dir='ltr'>explicatior</span> <span class='ocrx_word' id='word_1_655' title='bbox 1013 4950 1091 5007; x_wconf 90' lang='lat' dir='ltr'>alors</span> <span class='ocrx_word' id='word_1_656' title='bbox 1107 4951 1178 5006; x_wconf 88' lang='lat' dir='ltr'>ncul&#39;</span> <span class='ocrx_word' id='word_1_657' title='bbox 1192 4949 1295 5016; x_wconf 89' lang='lat' dir='ltr'>tribus,</span> <span class='ocrx_word' id='word_1_658' title='bbox 1312 4951 1407 5004; x_wconf 86' lang='lat' dir='ltr'>saveir</span> <span class='ocrx_word' id='word_1_659' title='bbox 1423 4947 1508 5004; x_wconf 85' lang='lat' dir='ltr'>colles</span> <span class='ocrx_word' id='word_1_660' title='bbox 1524 4949 1576 5003; x_wconf 92' lang='lat' dir='ltr'>des</span> <span class='ocrx_word' id='word_1_661' title='bbox 1591 4964 1770 5021; x_wconf 77' lang='lat' dir='ltr'>correyeurs,</span> <span class='ocrx_word' id='word_1_662' title='bbox 1782 4947 1835 5004; x_wconf 90' lang='lat' dir='ltr'>des</span> 
     </span>
     <span class='ocr_line' id='line_1_55' title="bbox 130 5018 1836 5095; baseline -0.002 -17"><span class='ocrx_word' id='word_1_663' title='bbox 130 5037 189 5095; x_wconf 88' lang='lat' dir='ltr'>que</span> <span class='ocrx_word' id='word_1_664' title='bbox 201 5021 490 5077; x_wconf 81' lang='lat' dir='ltr'>donnentbcemot</span> <span class='ocrx_word' id='word_1_665' title='bbox 503 5019 635 5087; x_wconf 80' lang='lat' dir='ltr'>liubane,</span> <span class='ocrx_word' id='word_1_666' title='bbox 654 5020 786 5075; x_wconf 78' lang='lat' dir='ltr'>dioscorii</span> <span class='ocrx_word' id='word_1_667' title='bbox 810 5037 875 5091; x_wconf 83' lang='lat' dir='ltr'>pag.</span> <span class='ocrx_word' id='word_1_668' title='bbox 895 5021 957 5088; x_wconf 85' lang='grc'>197,</span> <span class='ocrx_word' id='word_1_669' title='bbox 1014 5021 1225 5092; x_wconf 83' lang='lat' dir='ltr'>cherpentiers,</span> <span class='ocrx_word' id='word_1_670' title='bbox 1255 5020 1306 5074; x_wconf 89' lang='lat' dir='ltr'>des</span> <span class='ocrx_word' id='word_1_671' title='bbox 1337 5018 1506 5085; x_wconf 88' lang='lat' dir='ltr'>tonncliers,</span> <span class='ocrx_word' id='word_1_672' title='bbox 1534 5019 1585 5074; x_wconf 91' lang='lat' dir='ltr'>des</span> <span class='ocrx_word' id='word_1_673' title='bbox 1614 5018 1754 5086; x_wconf 85' lang='lat' dir='ltr'>lruitiers,</span> <span class='ocrx_word' id='word_1_674' title='bbox 1783 5019 1836 5075; x_wconf 89' lang='lat' dir='ltr'>des</span> 
     </span>
     <span class='ocr_line' id='line_1_56' title="bbox 130 5088 1836 5162; baseline -0.002 -13"><span class='ocrx_word' id='word_1_675' title='bbox 130 5090 288 5158; x_wconf 70' lang='lat' dir='ltr'>eluente,</span> <span class='ocrx_word' id='word_1_676' title='bbox 312 5090 456 5148; x_wconf 81' lang='lat' dir='ltr'>Adhoodltt</span> <span class='ocrx_word' id='word_1_677' title='bbox 514 5107 576 5147; x_wconf 86' lang='lat' dir='ltr'>vom</span> <span class='ocrx_word' id='word_1_678' title='bbox 600 5092 739 5162; x_wconf 80' lang='lat' dir='ltr'>llrspreap</span> <span class='ocrx_word' id='word_1_679' title='bbox 764 5090 827 5145; x_wconf 83' lang='lat' dir='ltr'>decr</span> <span class='ocrx_word' id='word_1_680' title='bbox 849 5090 959 5146; x_wconf 82' lang='lat' dir='ltr'>tlcirlrs-</span> <span class='ocrx_word' id='word_1_681' title='bbox 1015 5091 1221 5150; x_wconf 84' lang='lat' dir='ltr'>lourbisseurs.</span> <span class='ocrx_word' id='word_1_682' title='bbox 1247 5090 1297 5145; x_wconf 84' lang='lat' dir='ltr'>des</span> <span class='ocrx_word' id='word_1_683' title='bbox 1321 5090 1481 5156; x_wconf 89' lang='lat' dir='ltr'>meuniers,</span> <span class='ocrx_word' id='word_1_684' title='bbox 1505 5090 1556 5145; x_wconf 91' lang='lat' dir='ltr'>des</span> <span class='ocrx_word' id='word_1_685' title='bbox 1583 5088 1768 5157; x_wconf 78' lang='lat' dir='ltr'>marcebana,</span> <span class='ocrx_word' id='word_1_686' title='bbox 1783 5089 1836 5146; x_wconf 89' lang='lat' dir='ltr'>des</span> 
     </span>
     <span class='ocr_line' id='line_1_57' title="bbox 129 5158 1836 5236; baseline -0.002 -15"><span class='ocrx_word' id='word_1_687' title='bbox 129 5164 235 5229; x_wconf 74' lang='lat' dir='ltr'>Slaette,</span> <span class='ocrx_word' id='word_1_688' title='bbox 250 5165 327 5233; x_wconf 87' lang='lat' dir='ltr'>part.</span> <span class='ocrx_word' id='word_1_689' title='bbox 344 5178 375 5228; x_wconf 89' lang='lat' dir='ltr'>n,</span> <span class='ocrx_word' id='word_1_690' title='bbox 393 5178 456 5235; x_wconf 90' lang='lat' dir='ltr'>cap.</span> <span class='ocrx_word' id='word_1_691' title='bbox 493 5205 500 5229; x_wconf 91' lang='lat'>,</span> <span class='ocrx_word' id='word_1_692' title='bbox 514 5178 581 5234; x_wconf 84' lang='lat' dir='ltr'>pag.</span> <span class='ocrx_word' id='word_1_693' title='bbox 594 5163 655 5217; x_wconf 82' lang='lat'>387.</span> <span class='ocrx_word' id='word_1_694' title='bbox 1015 5163 1143 5236; x_wconf 89' lang='lat' dir='ltr'>peintres</span> <span class='ocrx_word' id='word_1_695' title='bbox 1158 5166 1187 5216; x_wconf 92' lang='lat' dir='ltr'>et</span> <span class='ocrx_word' id='word_1_696' title='bbox 1200 5162 1251 5218; x_wconf 89' lang='lat' dir='ltr'>des</span> <span class='ocrx_word' id='word_1_697' title='bbox 1266 5158 1389 5216; x_wconf 89' lang='lat' dir='ltr'>sellicrs.</span> <span class='ocrx_word' id='word_1_698' title='bbox 1406 5163 1457 5215; x_wconf 79' lang='lat' dir='ltr'>Ces</span> <span class='ocrx_word' id='word_1_699' title='bbox 1482 5159 1576 5215; x_wconf 89' lang='lat' dir='ltr'>tribus</span> <span class='ocrx_word' id='word_1_700' title='bbox 1591 5161 1709 5227; x_wconf 88' lang='lat' dir='ltr'>e&#39;taient,</span> <span class='ocrx_word' id='word_1_701' title='bbox 1726 5177 1763 5216; x_wconf 89' lang='lat' dir='ltr'>au</span> <span class='ocrx_word' id='word_1_702' title='bbox 1777 5165 1836 5217; x_wconf 80' lang='lat' dir='ltr'>xlv·</span> 
     </span>
    </p>

    <p class='ocr_par' dir='ltr' id='par_1_15' title="bbox 132 5230 1837 5453">
     <span class='ocr_line' id='line_1_58' title="bbox 166 5230 1836 5309; baseline -0.002 -19"><span class='ocrx_word' id='word_1_703' title='bbox 166 5235 227 5309; x_wconf 76' lang='lat' dir='ltr'>(ta)</span> <span class='ocrx_word' id='word_1_704' title='bbox 242 5232 329 5288; x_wconf 82' lang='lat' dir='ltr'>Seleu</span> <span class='ocrx_word' id='word_1_705' title='bbox 353 5233 382 5288; x_wconf 90' lang='lat' dir='ltr'>la</span> <span class='ocrx_word' id='word_1_706' title='bbox 405 5233 584 5289; x_wconf 89' lang='lat' dir='ltr'>transaction</span> <span class='ocrx_word' id='word_1_707' title='bbox 610 5235 712 5304; x_wconf 90' lang='lat' dir='ltr'>passe&#39;e</span> <span class='ocrx_word' id='word_1_708' title='bbox 736 5248 772 5286; x_wconf 92' lang='lat' dir='ltr'>en</span> <span class='ocrx_word' id='word_1_709' title='bbox 799 5232 867 5286; x_wconf 78' lang='lat'><strong>1263</strong></span> <span class='ocrx_word' id='word_1_710' title='bbox 880 5235 960 5288; x_wconf 91' lang='lat' dir='ltr'>entre</span> <span class='ocrx_word' id='word_1_711' title='bbox 1015 5233 1112 5301; x_wconf 81' lang='lat' dir='ltr'>siecle,</span> <span class='ocrx_word' id='word_1_712' title='bbox 1129 5249 1166 5289; x_wconf 91' lang='lat' dir='ltr'>au</span> <span class='ocrx_word' id='word_1_713' title='bbox 1191 5232 1312 5286; x_wconf 91' lang='lat' dir='ltr'>nombre</span> <span class='ocrx_word' id='word_1_714' title='bbox 1337 5232 1372 5287; x_wconf 92' lang='lat' dir='ltr'>de</span> <span class='ocrx_word' id='word_1_715' title='bbox 1397 5230 1574 5303; x_wconf 83' lang='lat' dir='ltr'>vingt-huit3</span> <span class='ocrx_word' id='word_1_716' title='bbox 1591 5231 1661 5287; x_wconf 87' lang='lat' dir='ltr'>elles</span> <span class='ocrx_word' id='word_1_717' title='bbox 1676 5232 1776 5287; x_wconf 87' lang='lat' dir='ltr'>lurent</span> <span class='ocrx_word' id='word_1_718' title='bbox 1792 5234 1836 5288; x_wconf 79' lang='lat' dir='ltr'>re-</span> 
     </span>
     <span class='ocr_line' id='line_1_59' title="bbox 132 5301 1837 5378; baseline -0.001 -15"><span class='ocrx_word' id='word_1_719' title='bbox 132 5304 265 5378; x_wconf 76' lang='lat' dir='ltr'>l&#39;tveque</span> <span class='ocrx_word' id='word_1_720' title='bbox 280 5303 368 5360; x_wconf 85' lang='lat' dir='ltr'>llenri</span> <span class='ocrx_word' id='word_1_721' title='bbox 384 5303 419 5359; x_wconf 90' lang='lat' dir='ltr'>de</span> <span class='ocrx_word' id='word_1_722' title='bbox 434 5303 610 5361; x_wconf 85' lang='lat' dir='ltr'>Geroldseelr</span> <span class='ocrx_word' id='word_1_723' title='bbox 624 5309 653 5359; x_wconf 89' lang='lat' dir='ltr'>et</span> <span class='ocrx_word' id='word_1_724' title='bbox 668 5302 696 5357; x_wconf 89' lang='lat' dir='ltr'>la</span> <span class='ocrx_word' id='word_1_725' title='bbox 717 5301 784 5357; x_wconf 91' lang='lat' dir='ltr'>ville</span> <span class='ocrx_word' id='word_1_726' title='bbox 808 5303 843 5357; x_wconf 92' lang='lat' dir='ltr'>de</span> <span class='ocrx_word' id='word_1_727' title='bbox 865 5304 960 5359; x_wconf 83' lang='lat' dir='ltr'>Stras-</span> <span class='ocrx_word' id='word_1_728' title='bbox 1015 5304 1111 5360; x_wconf 87' lang='lat' dir='ltr'>duites</span> <span class='ocrx_word' id='word_1_729' title='bbox 1135 5321 1170 5358; x_wconf 93' lang='lat' dir='ltr'>en</span> <span class='ocrx_word' id='word_1_730' title='bbox 1197 5302 1266 5357; x_wconf 81' lang='grc'>1112</span> <span class='ocrx_word' id='word_1_731' title='bbox 1289 5318 1327 5357; x_wconf 92' lang='lat' dir='ltr'>au</span> <span class='ocrx_word' id='word_1_732' title='bbox 1350 5302 1471 5358; x_wconf 89' lang='lat' dir='ltr'>nombre</span> <span class='ocrx_word' id='word_1_733' title='bbox 1486 5302 1520 5358; x_wconf 92' lang='lat' dir='ltr'>de</span> <span class='ocrx_word' id='word_1_734' title='bbox 1535 5301 1742 5377; x_wconf 84' lang='lat' dir='ltr'>vingtquatre,</span> <span class='ocrx_word' id='word_1_735' title='bbox 1756 5306 1786 5360; x_wconf 87' lang='lat' dir='ltr'>et</span> <span class='ocrx_word' id='word_1_736' title='bbox 1800 5320 1837 5364; x_wconf 87' lang='lat' dir='ltr'>eu</span> 
     </span>
     <span class='ocr_line' id='line_1_60' title="bbox 132 5372 1362 5453; baseline -0.005 -16"><span class='ocrx_word' id='word_1_737' title='bbox 132 5377 240 5453; x_wconf 84' lang='lat' dir='ltr'>baurg,</span> <span class='ocrx_word' id='word_1_738' title='bbox 256 5374 329 5450; x_wconf 75' lang='lat' dir='ltr'>opat</span> <span class='ocrx_word' id='word_1_739' title='bbox 343 5374 460 5433; x_wconf 85' lang='lat' dir='ltr'>Sctiltcr</span> <span class='ocrx_word' id='word_1_740' title='bbox 488 5377 517 5433; x_wconf 85' lang='lat' dir='ltr'>io</span> <span class='ocrx_word' id='word_1_741' title='bbox 541 5377 613 5433; x_wconf 82' lang='lat' dir='ltr'>notis</span> <span class='ocrx_word' id='word_1_742' title='bbox 636 5374 671 5432; x_wconf 84' lang='lat' dir='ltr'>od</span> <span class='ocrx_word' id='word_1_743' title='bbox 686 5374 838 5432; x_wconf 83' lang='lat' dir='ltr'>Clrrouicon</span> <span class='ocrx_word' id='word_1_744' title='bbox 858 5375 962 5450; x_wconf 74' lang='lat' dir='ltr'>ltoeaip</span> <span class='ocrx_word' id='word_1_745' title='bbox 1018 5378 1088 5434; x_wconf 81' lang='grc'>1182</span> <span class='ocrx_word' id='word_1_746' title='bbox 1101 5379 1118 5433; x_wconf 83' lang='lat' dir='ltr'>b</span> <span class='ocrx_word' id='word_1_747' title='bbox 1132 5372 1207 5431; x_wconf 91' lang='lat' dir='ltr'>celui</span> <span class='ocrx_word' id='word_1_748' title='bbox 1223 5373 1258 5431; x_wconf 89' lang='lat' dir='ltr'>da</span> <span class='ocrx_word' id='word_1_749' title='bbox 1272 5373 1362 5449; x_wconf 87' lang='lat' dir='ltr'>vingt.</span> 
     </span>
    </p>
   </div>
   <div class='ocr_carea' id='block_1_4' title="bbox 0 0 1971 6082">
    <p class='ocr_par' dir='ltr' id='par_1_16' title="bbox 0 0 1971 6082">
     <span class='ocr_line' id='line_1_61' title="bbox 0 0 1971 6082; baseline 0 0"><span class='ocrx_word' id='word_1_750' title='bbox 0 0 1971 6082; x_wconf 95' lang='lat' dir='ltr'> </span> 
     </span>
    </p>
   </div>
  </div>
 </body>
</html>
