3900 6090
125 304 192 370 ,455
626 302 658 361 S.
683 298 917 363 DUNS'l'ANUS
939 295 1120 378 naemei).
1145 298 1341 359 [aarum.
1773 295 1835 361 486

132 439 212 497 omni
227 435 378 511 diligentia
396 434 538 507 sepultus,
553 437 581 490 ct
597 439 663 507 post
676 432 736 489 hac
754 430 954 488 eminentioris
969 430 995 499 Α
1010 429 1070 486 hac
1081 430 1366 499 omnia,eorumdem
1382 430 1520 487 manibus
1534 429 1681 503 lapidatus
1696 429 1836 505 spirltum

132 527 228 601 operis
243 529 391 582 structura
406 524 541 579 decenter
555 521 814 595 opertus,llebilem
829 519 957 577 simulet
1011 533 1078 573 cum
1094 517 1245 589 triumphe
1266 516 1371 574 direxit
1385 519 1420 574 ad
1436 519 1553 575 coelum.
1570 518 1618 575 Sic
1633 533 1702 592 erge
1714 517 1838 595 impleta

133 611 290 671 amabilem
305 609 432 677 cunetis,
447 609 507 666 sive
522 609 552 665 in
568 608 656 667 chore
677 608 880 681 psallentibus,
896 607 956 662 sive
1011 610 1156 678 suntquis
1171 605 1215 661 vol
1230 607 1265 662 de
1285 622 1383 662 rerum
1413 605 1605 680 prosperitate
1632 605 1729 681 angeli
1755 606 1839 667 aaa

131 719 183 776 per
196 701 305 774 gradus
321 699 358 754 ad
373 698 463 754 altare
481 697 707 755 ascendentibus
722 697 768 754 sui
784 695 955 752 memoriam
1011 696 1104 763 steno,
1119 694 1163 750 vel
1184 694 1220 750 de
1244 695 1418 752 adversitate
1446 712 1548 752 aarum
1578 693 1750 754 Dunstanus
1775 697 1838 775 regi

130 788 295 862 dereliquit.
309 786 447 843 Flebilem
459 786 523 842 ideo
541 785 761 858 dixerim,quod
777 786 840 858 ejus
855 783 955 856 queti—
1010 782 1164 839 Athelredo
1193 783 1399 856 predixerunt,
1417 786 1466 843 sed
1491 785 1521 841 in
1546 784 1592 841 his
1616 789 1678 841 tam
1696 785 1838 860 gravibtu

130 879 177 936 die
188 882 411 935 monumentum
427 894 485 949 pree
501 876 593 932 oeulis
610 875 761 944 haherent,
776 872 956 946 quusvene·
1010 871 1221 928 tumultuantis
1234 873 1334 945 pepuli
1358 873 1503 947 angustiis
1519 890 1577 930 non
1593 874 1686 931 deluit
1701 890 1838 949 superno

131 968 238 1027 candos
262 969 400 1039 aspectus
424 965 521 1020 videre
544 983 601 1020 nen
626 970 756 1036 possent.
779 962 953 1029 Amalrilem,
1011 960 1158 1016 miseratio
1178 961 1304 1034 pietatis,
1322 979 1385 1034 quar
1416 967 1498 1018 tanta
1523 962 1705 1020 coruscantis
1735 961 1837 1038 gratia

130 1053 459 1129 proptereaqned1icet
479 1055 543 1124 ejus
567 1052 672 1108 visibili
699 1053 853 1125 prasentia
876 1068 954 1107 care·
1010 1049 1142 1122 prodigia
1159 1051 1194 1105 ad
1213 1052 1383 1107 meritoriam
1402 1051 1481 1108 illius
1496 1052 1634 1123 ostendit,
1651 1055 1684 1110 ut
1698 1056 1836 1127 etrepre·

130 1142 805 1215 rent,invisibilemtamenetineorporeumejus
817 1140 954 1212 spiritum
1010 1138 1055 1193 bis
1071 1139 1184 1206 terrori,
1201 1143 1229 1194 ct
1251 1140 1369 1197 alssictis
1394 1144 1493 1197 essent
1517 1139 1718 1198 consolationi.
1735 1141 1837 1216 Neque

130 1233 159 1287 in
174 1231 283 1287 caelesti
296 1231 357 1308 ‘fide
371 1231 508 1303 gairdcro,
531 1234 558 1284 et
574 1246 624 1301 pro
640 1230 683 1284 eis
698 1231 775 1303 apud
792 1230 884 1285 Deum
900 1227 954 1284 mi·
1009 1226 1087 1281 cuim
1115 1228 1199 1284 aliter
1226 1228 1351 1286 scelestis
1374 1230 1439 1301 ejus
1467 1229 1589 1302 spiritus
1615 1234 1753 1303 operatus
1779 1235 1836 1306 est,

129 1319 316 1376 sericerdiam
332 1318 446 1374 enixius
460 1335 542 1374 orare
557 1319 699 1374 sciebant.
1009 1332 1098 1387 quam
1115 1316 1138 1371 si
1154 1317 1183 1371 in
1197 1320 1304 1372 terram
1315 1317 1440 1373 redivivo
1451 1333 1570 1389 corpore
1582 1333 1635 1372 sue
1646 1317 1777 1390 quotidie
1791 1334 1838 1375 ve·

350 1409 449 1463 Euentu
462 1414 522 1478 pest
535 1409 595 1476 ejas
608 1415 730 1462 morare.
1010 1404 1094 1460 niret.
1111 1405 1219 1460 Verum
1236 1422 1288 1461 nes
1305 1423 1363 1461 non
1379 1406 1478 1461 omnin
1493 1424 1556 1479 qua
1571 1407 1606 1462 de
1621 1405 1670 1462 illo
1686 1411 1758 1463 sunt
1771 1424 1838 1481 pro·

164 1499 208 1553 lb.
225 1497 292 1553 Post
308 1498 394 1569 eujus
409 1499 543 1566 mertem,
561 1496 586 1551 si
611 1513 689 1552 mors
715 1496 838 1551 dicenda
852 1493 954 1552 esteui
1008 1497 1072 1564 pler
1086 1493 1259 1549 infinitatem
1277 1493 1371 1550 dicere
1384 1496 1564 1568 poterimus;
1582 1511 1634 1552 nec
1648 1495 1838 1555 abomaibue

126 1587 186 1644 vita
207 1591 314 1643 aterna
339 1585 491 1651 successit,
512 1585 554 1642 ita
576 1603 678 1642 omnes
703 1602 749 1642 res
772 1585 953 1641 contrarium
1008 1581 1216 1640 abstinendum
1248 1589 1398 1656 putamus,
1424 1601 1460 1639 ne
1485 1583 1566 1640 nulla
1589 1600 1653 1641 esse
1680 1584 1837 1642 videantur

127 1680 241 1735 motum
257 1692 420 1748 sumpsere,
437 1680 469 1730 ut
484 1674 629 1730 Dunstani
654 1678 778 1731 mortem
794 1673 893 1731 omnia
907 1673 954 1730 de·
1008 1687 1071 1742 quea
1083 1670 1226 1727 dicamus.
1244 1672 1550 1744 thuadamquidem
1560 1673 1596 1729 do
1610 1670 1695 1730 libris
1709 1672 1838 1751 mascu-

127 1765 205 1835 llere,
223 1763 525 1837 neeejusabsentiam
537 1780 567 1819 se
584 1763 657 1819 ferre
672 1780 758 1836 pesse
773 1762 952 1819 viderentur.
1010 1759 1104 1816 lorum
1120 1761 1250 1833 ejusqui
1275 1779 1352 1818 nune
1378 1760 1500 1818 minime
1519 1764 1680 1835 supersunt
1692 1763 1837 1838 excerpsi·

125 1857 149 1910 Α
164 1871 281 1910 summa
303 1852 411 1926 quippe
434 1869 504 1925 pace
528 1852 561 1907 at
582 1852 772 1908 commutatio
788 1853 824 1908 ad
841 1850 950 1908 bellum
1007 1867 1073 1906 mus
1086 1869 1092 1919 ;
1106 1851 1240 1922 quadam
1253 1868 1319 1907 vere
1335 1854 1436 1906 nestra
1451 1854 1544 1918 atate,
1563 1849 1657 1907 autin
1672 1849 1746 1908 alias
1756 1851 1837 1925 saeta

126 1941 319 2010 intolerabile,
336 1942 373 1997 ab
389 1941 534 1996 immensa
556 1939 657 1995 letitia
680 1941 716 1995 ad
738 1956 888 1996 enormem
904 1939 952 1996 tri·
1005 1939 1143 2006 vidimus,
1154 1940 1244 1995 autin
1256 1943 1433 2012 nospatrata
1448 1938 1505 2012 ipsi
1519 1938 1629 2012 experti
1644 1955 1760 1998 sumus.
1774 1939 1833 2000 Sed

126 2030 293 2099 stitinm,ab
310 2029 442 2085 omnium
457 2045 555 2084 rerum
571 2028 751 2085 abundantia
766 2030 802 2085 ad
818 2027 950 2085 omnium
1005 2027 1053 2083 hic
1063 2027 1153 2084 libelli
1168 2028 1258 2099 hujus
1274 2030 1306 2083 m
1317 2029 1430 2096 finis,ut
1444 2029 1521 2100 quod
1538 2027 1834 2089 intendimusabalie

127 2136 224 2182 rerum
235 2116 570 2192 indigentiamDenique
581 2117 702 2190 scripse
714 2118 949 2186 immutatusest,
1005 2116 1148 2189 principio
1160 2117 1238 2172 sumi
1254 2116 1357 2190 possit.

127 2206 452 2285 naturales-temporum
463 2205 871 2263 vicissitudinesdissidebant
881 2205 950 2261 invi·
1004 2205 1107 2262 Justus
1123 2206 1221 2274 home,
1238 2207 1335 2262 nudus
1349 2205 1430 2276 vitio,
1448 2206 1532 2263 sedes
1548 2206 1630 2262 subit
1644 2206 1751 2276 almas,

126 2285 189 2357 cem
202 2316 209 2366 ;
221 2296 327 2352 eoelum
343 2313 401 2351 non
417 2295 563 2351 exaudivit
585 2295 731 2365 tellurem,
750 2314 802 2353 nec
816 2295 902 2353 tellus
916 2312 950 2352 ca
1040 2295 1080 2350 Da
1095 2295 1203 2367 quibus
1219 2294 1370 2368 expulsam
1386 2312 1417 2351 se
1433 2295 1511 2351 dolet
1526 2301 1590 2351 atra
1604 2294 1721 2352 cohors.

120 2378 189 2460 'qua
205 2384 435 2452 seminabantur,
453 2384 484 2440 in
501 2401 535 2439 ea
549 2383 665 2440 hostilis
688 2385 817 2443 incursio
843 2387 948 2443 l'oedam
1005 2383 1060 2440 lste
1074 2383 1174 2456 polum
1188 2383 1269 2455 petit,
1286 2381 1336 2438 illa
1352 2399 1454 2456 rogum
1470 2384 1563 2457 stygis
1578 2384 1671 2441 ardua
1684 2382 1780 2441 moles

125 2475 233 2549 ubique
257 2473 361 2531 taciem
386 2472 550 2545 dereliquit,
568 2474 639 2529 dum
665 2491 765 2530 oerum
788 2476 949 2549 irruptione
1039 2472 1161 2541 Deserit,
1178 2477 1265 2544 atque
1280 2471 1351 2528 levis
1366 2471 1453 2545 gleba
1468 2478 1569 2529 natare
1584 2472 1668 2530 solet.

124 2562 212 2620 urbes
232 2562 429 2628 diruerentur,
445 2560 572 2617 ecelesia
597 2561 803 2634 spoliarentur,
820 2564 948 2620 sullode·
1003 2563 1116 2618 Mansio
1132 2562 1257 2629 diversa,
1274 2561 1445 2634 diversaque
1459 2563 1588 2634 pramia,
1603 2567 1750 2635 quantum

123 2656 224 2708 rentur
238 2649 383 2717 altaria,et
393 2650 559 2706 sacerdotes
573 2650 689 2706 Domini
704 2651 946 2710 interficerentur.
1038 2651 1125 2709 Ortus
1142 2650 1245 2707 solaris
1260 2649 1349 2708 distat
1364 2651 1399 2707 ab
1416 2651 1556 2709 occiduis.

122 2735 163 2797 Ex
173 2740 280 2814 quibus
295 2739 339 2794 vir
353 2739 495 2794 virtutum
511 2738 638 2812 Dll'egus,
650 2741 700 2812 qui
716 2745 839 2813 quartus
854 2746 948 2797 erata
1003 2740 1207 2813 Imperatbuic
1222 2743 1323 2813 Agnus
1337 2739 1537 2798 circumdatus
1552 2743 1670 2816 agmina
1682 2741 1775 2800 teto:

119 2820 619 2904 magnoDunstanoCantuariorum
629 2828 947 2903 archiepiscopus,cum
1038 2829 1081 2885 llli
1096 2846 1164 2885 cum
1179 2847 1268 2902 prava
1283 2828 1365 2901 pluto
1378 2829 1496 2886 cohorte
1511 2835 1615 2904 praest

123 2918 247 2988 multam
256 2917 385 2974 bostium
399 2915 618 2973 multitudinem
630 2919 665 2974 ad
677 2917 873 2975 Christianam
884 2917 949 2975 reli·
1002 2918 1102 2976 Uritur
1116 2918 1166 2973 illa
1181 2917 1259 2992 gelu,
1276 2917 1351 2984 nive,
1364 2918 1507 2991 grandine
1521 2919 1683 2992 perpetuali
1699 2937 1707 2976 :

122 3007 239 3082 gioncm
264 3005 463 3073 convertisset,
483 3010 512 3061 et
536 3023 585 3061 eos
609 3023 683 3078 quos
707 3008 743 3063 ab
768 3007 949 3065 infidelitatis
1038 3007 1149 3064 Vernos
1165 3007 1221 3063 ista
1237 3007 1299 3062 dias
1315 3006 1429 3062 mansio
1445 3024 1561 3081 semper
1575 3008 1672 3066 habet.
1715 3016 1726 3030 '

123 3110 220 3150 errore
230 3096 396 3148 convertere
410 3109 467 3147 non
479 3098 589 3165 posset,
604 3094 773 3165 quotidiana
788 3095 948 3153 invectione
1003 3098 1068 3153 Hac
1082 3112 1223 3169 generosa
1238 3095 1311 3150 duee
1322 3095 1454 3166 jucunde
1467 3095 1530 3153 cive
1544 3097 1660 3165 decora,

123 3180 457 3255 reprehenderot‚tentus
473 3181 508 3237 ab
524 3181 715 3254 eisdempmt
728 3183 856 3241 dirutam
866 3185 946 3241 illius
962 3170 983 3238 ss
1037 3185 1171 3242 Carmine
1186 3183 1298 3251 festiva,
1314 3200 1384 3256 paee
1399 3184 1499 3256 quieta
1509 3185 1586 3258 jugi.

123 3268 238 3337 urbem,
255 3273 320 3342 post
342 3273 493 3324 cruentam
515 3269 678 3326 innocentis
701 3272 801 3345 pepuli
826 3275 946 3342 eadem,
1002 3277 1046 3331 Tu
1060 3274 1223 3330 venerande
1239 3272 1295 3345 piis
1311 3273 1428 3341 mistus,
1445 3273 1609 3346 Dunstane,
1626 3274 1761 3344 catervis,

121 3363 189 3434 post
205 3357 305 3431 templi
321 3358 395 3413 sacri
421 3357 660 3431 exspoliationem
680 3359 768 3416 simul
783 3366 812 3417 et
826 3364 946 3419 cembu·
1035 3364 1157 3419 Exerces
1172 3362 1280 3417 hilares
1295 3362 1350 3417 hac
1366 3361 1483 3434 regione
1494 3363 1588 3433 jocos.

122 3446 257 3515 stionem,
270 3447 386 3502 vinetus
401 3446 546 3503 adductus
561 3453 615 3516 est,
628 3452 656 3503 et
671 3466 722 3521 per
736 3454 847 3522 septem
863 3469 946 3508 men·
1002 3452 1108 3520 Quanti
1124 3451 1165 3508 sis
1182 3451 1288 3520 meriti,
1305 3448 1387 3524 plebs
1405 3449 1515 3507 indicat
1529 3449 1746 3520 astricolarum,

123 3552 170 3593 ses
178 3535 267 3595 variis
283 3540 495 3591 tormentorum
509 3536 690 3594 cruciatibus
704 3543 835 3609 vexatus,
845 3544 949 3614 etpost
1038 3544 1104 3609 Qua
1122 3540 1264 3597 tumulata
1278 3543 1360 3595 tuam
1377 3540 1454 3595 vexit
1466 3540 1502 3595 ad
1518 3544 1599 3597 astra
1614 3540 1758 3599 animam.

331 3885 570 3999 lNGlPlT
603 3888 791 4001 blllllll
828 3889 1295 4005 lllllllllllLOllUlll
1332 3888 1618 4008 lllllSDDll

696 4087 825 4150 Auctore
839 4087 938 4152 eodem
955 4088 1083 4152 Ostama
1098 4086 1251 4150 rnencclro.

287 4241 386 4297 Amor
399 4241 510 4314 fidcma
526 4243 667 4301 lectoribus
681 4249 775 4318 recipit.
963 4252 986 4318 Ι)
1003 4249 1208 4318 invitamus,ut
1219 4246 1306 4304 sicuti
1321 4247 1377 4303 sibi
1393 4249 1472 4304 credi
1487 4247 1627 4314 volent,si
1644 4246 1719 4307 torte
1728 4247 1829 4324 aliqua

157 4330 182 4385 1.
200 4329 333 4386 Diximus
349 4330 378 4385 in
391 4332 533 4404 superiori
544 4332 764 4407 libello‚quibus
774 4338 946 4409 parentibus
1000 4337 1063 4395 suis
1078 4336 1259 4410 temporibus
1274 4337 1350 4393 iaetu
1372 4337 1500 4394 scribere
1513 4335 1670 4407 voluerint,
1685 4336 1730 4396 ita
1743 4339 1828 4397 nabis

119 4417 292 4475 venerabilis
303 4421 386 4492 pater
396 4420 568 4478 Dunstanus
578 4428 660 4479 ortus
670 4423 945 4498 claruerit,quorum
1000 4427 1129 4494 credaut,
1145 4442 1212 4482 eum
1227 4424 1374 4481 audierint
1387 4442 1422 4480 ea
1438 4424 1559 4495 narrari,
1576 4442 1641 4497 qua
1651 4426 1767 4498 anobis
1779 4443 1828 4501 pa

120 4523 220 4580 regum
238 4512 370 4580 tempora
387 4509 592 4577 nobilitaverit,
604 4527 677 4584 quos
693 4530 847 4586 processus
859 4516 946 4571 virtu·
999 4520 1080 4572 tuere
1095 4514 1195 4572 videri.
1213 4516 1305 4580 Quam
1325 4514 1403 4569 enim
1419 4515 1455 4571 de
1471 4514 1577 4572 severi
1599 4514 1828 4573 aestimationem

118 4600 182 4651 tum
197 4596 344 4666 habuerit,
357 4603 385 4653 et
400 4600 648 4670 quemadmodum
666 4603 701 4658 ad
718 4602 846 4660 coelestia
857 4621 946 4678 regna
1000 4603 1218 4677 asequentibus
1234 4602 1335 4658 haberi
1350 4601 1450 4672 velint,
1467 4620 1532 4660 cam
1546 4606 1623 4660 recte
1636 4603 1828 4678 precedenti·

118 4684 449 4759 gloriosusmigraverit.
462 4689 652 4745 Nuneautem
667 4692 849 4764 propositum
860 4693 946 4750 habe·
1000 4693 1054 4749 bus
1070 4692 1227 4749 concedere
1242 4691 1358 4747 debent.
1366 4692 1447 4759 Quod
1459 4692 1484 4748 si
1499 4691 1659 4767 nullaque
1674 4691 1766 4751 scribi
1779 4692 1829 4753 de·

119 4790 186 4829 mus
201 4791 235 4829 ea
251 4792 380 4841 narrare,
393 4793 456 4848 qua
471 4783 537 4849 post
552 4779 763 4851 depositionem
786 4781 944 4854 corporalis
998 4782 1095 4850 beant,
1113 4781 1176 4837 suis
1190 4781 1372 4853 temporibus
1397 4781 1462 4838 lieri
1487 4781 1669 4855 contingant,
1685 4797 1747 4839 nen
1760 4781 1828 4840 ideo

118 4863 240 4919 sarcina
251 4862 318 4919 felix
329 4864 452 4937 spiritus
463 4866 741 4938 ejusinbocsreeulo
752 4868 944 4942 dignatusest
999 4887 1056 4926 non
1072 4869 1172 4926 statim
1191 4868 1326 4924 salsitatis
1342 4875 1477 4944 arguant,
1492 4869 1577 4943 quasi
1592 4870 1672 4944 quod
1682 4868 1742 4928 alio
1755 4876 1827 4931 tcm-

117 4952 278 5023 operari,ut
290 4970 392 5009 omnes
408 4954 499 5010 futuri
515 4955 656 5026 temporis
667 4954 832 5030 Angligenoe
843 4959 943 5031 populi
998 4976 1067 5032 pore
1082 4957 1195 5015 occulta
1210 4958 1259 5013 Dei
1276 4959 1460 5029 providentia
1474 4976 1531 5016 non
1547 4959 1591 5025 fit,
1608 4957 1666 5015 alio
1690 4962 1826 5034 &mpetu

117 5045 287 5113 agnoscant,
304 5041 375 5114 quid
392 5043 464 5098 tanti
483 5043 610 5099 nominis
624 5043 685 5100 viro
695 5043 814 5102 honoris
825 5063 859 5103 ae
869 5064 945 5104 reve·
998 5065 1050 5120 pro
1060 5046 1239 5120 corrigendis
1250 5047 1294 5102 vel
1310 5048 1501 5122 corripiendis
1513 5048 1824 5109 hominibualleriuau

117 5128 216 5184 rentiar
232 5130 366 5187 debeant.
382 5131 491 5187 Verum
517 5133 656 5205 queniam
676 5150 777 5189 eorum
793 5152 857 5207 quae
871 5137 942 5193 scri·
998 5134 1169 5208 pessil,cum
1182 5153 1297 5208 semper
1308 5137 1557 5210 opportunltatem
1565 5154 1665 5196 rerum
1675 5142 1826 5215 stampe

116 5216 213 5275 benda
222 5220 445 5292 sunt,plcraque
456 5238 489 5277 ae
500 5222 558 5277 lere
573 5222 673 5278 omniu
686 5223 793 5279 nestris
808 5225 945 5298 tempori·
998 5243 1063 5281 rum
1075 5224 1171 5297 exigat
1186 5226 1281 5299 gratia
1297 5226 1518 5284 miraculorum·
1529 5227 1606 5284 Num
1621 5226 1823 5289 eniminum

116 5305 172 5369 bus
199 5307 276 5363 laeta
300 5308 509 5381 eognovimus;
527 5327 620 5382 pauca
644 5327 711 5366 vero
735 5310 801 5368 aliis
823 5314 942 5385 quidem
998 5314 1096 5369 minus
1113 5313 1291 5369 credendum
1307 5319 1352 5369 est
1373 5316 1535 5388 principem
1561 5315 1764 5391 apostoloram
1777 5316 1824 5376 Po·

115 5396 298 5467 temporibus
315 5397 454 5466 lueta,sed
463 5397 548 5453 nobis
558 5399 712 5456 verissima
721 5401 942 5459 verissimorum
997 5408 1075 5458 trum
1085 5403 1119 5459 ad
1131 5407 1245 5474 portam
1257 5403 1359 5476 templi
1369 5405 1534 5477 speciosam
1543 5403 1682 5462 claudum
1690 5423 1821 5476 unm

115 5480 244 5539 virorum
260 5483 400 5542 relatione
414 5485 546 5558 exposita
561 5488 728 5560 accepimus
741 5506 747 5545 :
762 5490 816 5547 bae
832 5492 942 5548 ratione
997 5493 1074 5565 quod
1091 5491 1199 5547 nostris
1214 5493 1398 5565 temporibus
1413 5493 1492 5551 istud
1508 5511 1566 5550 nen
1577 5482 1822 5565 laceritautideo

117 5584 219 5630 omues
234 5571 284 5650 qui
299 5573 359 5631 hae
375 5573 576 5652 dignabantur
589 5574 694 5653 legere,
711 5579 747 5637 ad
764 5581 941 5641 credendum
996 5581 1100 5640 beatus
1115 5579 1292 5657 evangelista
1315 5581 1443 5642 loannes
1467 5599 1613 5646 vencnum
1624 5584 1692 5651 aiae
1704 5583 1823 5647 maone
