3900 6090
151 284 227 349 loss
564 283 802 346 liltOTSUl'lAE
824 276 1013 344 MONldLlS
1027 276 1430 342 canoensuslttaasts
1479 329 1481 333 ‚
1780 276 1860 340 aloc

149 418 182 476 ln
198 433 285 490 quem
301 416 448 474 conversis
459 433 562 472 omnes
577 416 723 471 mirantur
737 414 847 471 ocellis.
987 411 1182 480 AArctarent
1194 413 1278 469 testis
1293 430 1399 485 corpus
1413 411 1558 486 pradulcc
1573 413 1721 483 cadentis,

148 507 223 564 m
238 508 314 562 Tum
327 506 430 562 taciem
437 505 630 578 Juvenis,tum
641 504 971 561 dulciaverbulasantis
1028 503 1163 557 Attamen
1179 501 1290 558 illaesus
1304 501 1413 558 Christi
1428 502 1590 574 permansit
1604 503 1734 559 amicus.

116 626 121 635 ,
147 596 273 668 hspcctu
289 596 383 668 prime
399 612 515 666 quoquc
530 613 579 650 rex
595 612 758 666 suspensus
774 595 803 649 in
820 593 879 662 illo,
1063 590 1146 645 Certe
1163 590 1274 663 regales
1290 591 1376 646 citius
1387 591 1516 663 pervenit
1532 592 1567 647 ad
1583 609 1684 664 aures,

147 685 276 740 Ardebat
290 685 415 740 sormam
425 684 534 756 regalis
547 683 647 756 stirpis
661 686 830 738 amandam.
1029 680 1164 752 lttartyris
1181 679 1256 735 allisi
1274 697 1380 752 corpus
1396 698 1453 735 non
1470 697 1555 752 pesse
1570 681 1674 750 secari,

149 773 279 829 Tandem
295 772 444 846 Pelagium
456 773 581 828 nimium
594 774 745 828 irrandavit
760 774 919 828 arnaudum
1029 768 1113 841 Inhgi
1129 768 1259 840 seopulis
1272 769 1339 840 ripae
1355 769 1433 842 quod
1444 769 1536 840 jussit
1550 770 1655 827 acutis.

149 861 181 917 ln
195 859 267 915 solio
279 861 361 934 regni
378 878 478 917 secum
491 863 554 933 jam
571 863 653 917 berte
668 861 768 929 locari,
1029 857 1081 913 Hic
1097 857 1191 929 magis
1206 857 1346 926 offensus,
1359 858 1475 930 penitus
1488 858 1661 931 fueratquia
1677 860 1790 926 victua,

149 949 229 1022 Ignis
244 953 278 1004 ut
292 950 387 1021 ipsius
404 951 486 1019 ieret,
500 952 555 1006 sibi
570 950 672 1006 sedule
683 952 817 1022 junctus,
1030 946 1096 1000 linx
1109 951 1197 1017 caput
1213 950 1313 1002 exacto
1323 946 1415 1018 jussit
1430 946 1580 1003 succidere
1597 949 1685 1017 terre,

150 1038 314 1111 Fronteque
330 1040 481 1095 submissa
495 1040 636 1095 libaverat
653 1039 754 1094 oscula
769 1040 868 1108 charo,
1029 1034 1065 1088 Et
1080 1033 1284 1090 sententiolam
1300 1035 1342 1091 sic
1358 1052 1489 1091 exercerc
1505 1054 1687 1110 supremam.

149 1127 278 1183 Affectus
294 1145 383 1183 causa
398 1127 595 1199 complectens
609 1132 708 1201 utpote
724 1128 809 1183 cella.
1030 1122 1161 1194 Denique
1176 1122 1303 1190 lictores,
1321 1124 1429 1196 regalia
1440 1126 1526 1196 jussa
1541 1130 1714 1196 trementes,

188 1215 250 1271 Non
268 1217 379 1288 patitur
393 1217 480 1272 talem
497 1217 603 1273 Christi
621 1235 688 1272 nam
704 1216 789 1273 miles
804 1232 932 1272 artiorem
1030 1211 1096 1265 Mox
1108 1210 1215 1266 Christi
1232 1217 1336 1268 testem
1352 1213 1450 1286 gladio
1466 1231 1584 1270 secuere
1600 1215 1733 1283 fidelem,

153 1303 241 1376 Regis
256 1305 372 1378 pagani,
389 1305 459 1360 luxu
475 1306 572 1362 carnis
587 1306 736 1375 maculati,
1031 1299 1173 1366 Funuset
1188 1301 1366 1356 exstinctum
1381 1301 1509 1375 lymphis
1520 1304 1643 1360 creduut
1657 1304 1865 1362 retinendum.

151 1394 260 1450 Auram
276 1393 366 1467 regali
382 1393 487 1450 lauans
503 1396 553 1451 saa
569 1395 692 1450 contulit
706 1396 760 1464 ori,
1065 1389 1139 1443 Nem
1155 1388 1250 1455 miles,
1269 1391 1347 1462 roais
1363 1395 1510 1464 prostrata
1523 1397 1626 1460 mone,
1642 1395 1801 1466 perennis,

152 1482 257 1555 Magno
273 1482 396 1538 ridiculo
411 1483 558 1540 divertens
575 1501 625 1540 ora
641 1490 755 1558 negata,
1029 1476 1129 1532 Victor
1141 1477 1281 1551 stelligeri
1296 1478 1398 1535 volitat
1413 1497 1466 1552 per
1480 1479 1575 1537 sidera
1590 1481 1667 1553 caeli,

152 1571 241 1629 Fatus
256 1574 286 1627 ct
300 1572 416 1645 egregio
432 1573 548 1629 dicabat
558 1572 628 1629 talia
644 1577 737 1630 rostro
754 1593 761 1642 ;
1030 1565 1150 1622 Coelitus
1165 1567 1305 1640 angelicis
1320 1569 1463 1625 deductus
1479 1569 1606 1626 suaviter
1619 1571 1745 1643 hymnis

152 1659 216 1717 Non
232 1660 316 1716 dccet
330 1677 398 1734 ergo
414 1662 520 1730 virum,
535 1662 640 1719 Christi
655 1662 831 1736 baptismate
847 1662 940 1718 lotum
1029 1655 1107 1712 12⁰
1122 1655 1236 1712 iudicis
1251 1660 1280 1712 et
1293 1656 1364 1726 vari,
1381 1657 1445 1713 cccli
1461 1675 1550 1731 super
1564 1662 1643 1715 astra
1659 1658 1751 1717 locati

153 1748 257 1806 Sobria
272 1749 425 1806 barbarico
440 1751 593 1824 complexu
609 1753 733 1808 subdere
749 1751 832 1818 colla,
1031 1743 1051 1797 Ε
1068 1744 1169 1799 dextra
1183 1743 1307 1800 nitidam
1324 1745 1453 1817 suscepit
1464 1763 1591 1819 congrue
1606 1747 1755 1820 palmam,

154 1838 209 1895 Sed
225 1854 278 1894 nec
293 1839 497 1896 Christicolam
513 1845 625 1896 sacrate
642 1841 799 1897 chrismate
815 1841 949 1908 tinctum,
1033 1832 1086 1889 Pro
1102 1850 1171 1890 11000
1186 1833 1327 1908 martyrii,
1344 1833 1491 1891 laudando
1506 1837 1564 1892 fine
1577 1837 1702 1909 peracti.

153 1925 300 1983 Damonis
315 1926 451 1984 oscillum
466 1929 566 2000 spurci
582 1935 698 2000 captare
713 1929 833 1985 famelli.
1032 1922 1087 1980 Sed
1104 1940 1156 1978 nee
1172 1923 1308 1979 ferventis
1319 1924 1418 1980 bravio
1435 1925 1588 1982 fraudatur
1603 1927 1727 1995 ameris,

153 2014 228 2087 Ergo
244 2015 330 2070 corde
344 2016 422 2071 viras
438 2015 517 2071 licito
533 2017 725 2089 complectere
740 2018 856 2085 stultos,
1032 2014 1093 2078 Quo
1108 2017 1201 2069 semet
1215 2012 1319 2068 vinclis
1334 2031 1386 2086 pro
1401 2014 1460 2069 vita
1474 2014 1600 2087 denique
1615 2017 1710 2087 patris

155 2102 209 2168 Oui
225 2106 322 2157 tecum
338 2104 434 2158 fatuos
449 2103 605 2175 placantur
620 2106 728 2176 cespite
743 2106 834 2176 divos,
1032 2100 1187 2173 Impendit,
1204 2100 1328 2173 patriam
1342 2101 1480 2174 linquens
1495 2106 1672 2175 gentemque
1692 2105 1862 2163 subactum.

155 2190 280 2262 Sintquc
294 2191 347 2246 tibi
364 2192 446 2261 sccii,
462 2192 537 2248 servi
553 2194 602 2265 qui
619 2197 687 2249 sunt
703 2195 862 2252 simulacri.
1032 2191 1163 2246 Tandem
1179 2189 1260 2245 nulla
1274 2189 1331 2261 piis
1347 2191 1423 2263 potis
1438 2195 1483 2247 est
1497 2192 1669 2263 depromere
1679 2194 1781 2250 verbis

190 2279 247 2336 Sed
264 2298 313 2337 rex
328 2298 344 2336 e
359 2285 470 2349 centra,
488 2283 568 2338 nulla
583 2283 756 2339 commotior
770 2284 823 2353 ira,
1032 2279 1165 2352 Lingula,
1182 2279 1342 2347 aureolam,
1359 2280 1470 2337 coelesti
1485 2280 1550 2336 luce
1564 2297 1736 2349 coruscam,

154 2367 269 2427 Molitcr
282 2370 427 2442 ephebum
442 2370 541 2427 diceus
558 2372 705 2428 mulcebat
720 2374 880 2430 amandum
897 2393 903 2429 ε
1032 2370 1094 2434 011&
1109 2369 1182 2424 bene
1195 2373 1309 2425 Servata
1319 2368 1412 2442 fulget
1426 2386 1484 2440 Pl‘oe
1500 2369 1679 2442 virginitale·

154 2456 176 2512 Ο
192 2456 297 2513 lascive
313 2476 394 2530 puer,
407 2460 503 2530 jactas
518 2465 546 2515 te
561 2478 646 2532 posse
659 2460 783 2517 licenter
1030 2458 1195 2529 sejunctus
1212 2459 1318 2515 turmis
1333 2458 1442 2514 caelesti
1457 2460 1526 2515 sede
1539 2464 1690 2531 receptus,

154 2546 296 2619 Spernere
310 2551 370 2603 tam
386 2537 488 2604 mitem
503 2550 593 2605 nostri
606 2550 683 2620 juris
701 2550 850 2622 pietatem,
1030 2548 1111 2620 Agna
1127 2552 1281 2604 cantamen
1299 2545 1477 2603 modulando
1493 2548 1669 2619 perenniter,
1687 2550 1795 2607 Amen.

152 2636 354 2708 audacterque
369 2636 426 2692 diis
436 2637 524 2693 toties
540 2637 663 2694 illudere
678 2640 796 2707 nestris,
1067 2637 1225 2709 Postquam
1240 2637 1366 2706 lictores,
1385 2637 1463 2709 regis
1478 2638 1595 2693 decreta
1610 2643 1785 2710 sequentes,

152 2724 210 2780 Nec
226 2730 324 2780 mouet
338 2725 431 2781 aetatis
447 2743 575 2798 praesens
590 2727 731 2783 damnum
743 2730 893 2800 juvenilis,
1032 2727 1152 2784 Funeris
1167 2727 1299 2782 exsuvias
1315 2726 1450 2786 exstincti
1463 2731 1509 2784 sat
1523 2742 1682 2799 generosas

153 2813 189 2868 st
204 2814 282 2886 quod
297 2819 454 2869 maerentes
470 2815 587 2872 orbabis
603 2817 675 2872 ferte
691 2823 836 2889 parentes,
1031 2815 1230 2888 Lympharum
1246 2816 1357 2889 gremio
1370 2816 1493 2871 creduut
1509 2815 1538 2869 in
1554 2832 1683 2888 saxaque
1697 2817 1807 2890 figunt,

153 2901 251 2959 Nostri
267 2902 465 2975 blasphemes,
483 2909 576 2977 urget,
589 2904 685 2961 cultus
702 2905 884 2976 cruciandos,
1031 2904 1067 2961 Ut
1082 2904 1156 2960 sacri
1171 2904 1286 2960 tumulo
1301 2904 1413 2960 cineres
1429 2908 1527 2960 essent
1542 2904 1604 2960 sine
1619 2905 1722 2976 digno,

154 2991 285 3048 Subderc
295 3009 345 3048 vos
358 2993 456 3061 morti,
468 2999 562 3049 vestro
573 2995 754 3068 jugulosque
769 2997 868 3064 serari,
901 3040 905 3047 .
1030 2994 1173 3063 Christus,
1190 2994 1241 3065 qui
1256 2992 1389 3066 proprios
1404 2993 1514 3065 patitur
1529 3010 1586 3048 non
1601 2995 1725 3066 perdere
1742 2999 1860 3052 sanctos

154 3079 189 3137 Ni
205 3081 319 3150 cedant,
336 3085 365 3137 et
379 3081 582 3153 blasphemam
599 3088 739 3159 respuant
754 3085 907 3142 rationem.
1031 3084 1155 3140 Praedari
1173 3084 1321 3140 modicum
1337 3083 1442 3155 capitis
1458 3084 1501 3139 vel
1516 3083 1589 3140 lorte
1599 3083 1758 3156 capillum,

153 3168 276 3225 Hortata
292 3186 395 3226 moneo
411 3175 587 3243 quapropter
598 3173 705 3245 quippe
718 3176 848 3244 paterno.
990 3150 1012 3216 C
1030 3174 1093 3229 Non
1109 3172 1177 3228 tulit
1192 3174 1221 3227 in
1234 3172 1355 3246 lympha
1370 3177 1473 3228 testem
1489 3188 1639 3228 remancre
1655 3172 1788 3243 fidelem,

153 3257 274 3314 Talibus
289 3263 322 3314 ut
336 3259 431 3315 verbis
445 3277 547 3331 parcas
563 3277 643 3316 savia
660 3261 791 3330 rationis,
1031 3262 1074 3317 llli
1089 3262 1139 3318 sed
1151 3262 1274 3335 dignum
1290 3261 1415 3334 providit
1430 3261 1484 3317 rite
1499 3259 1636 3317 locellum

152 3347 188 3402 let
202 3363 318 3403 mecum
329 3346 464 3402 stabilem
480 3353 644 3419 comportes
659 3350 766 3405 mentis
781 3367 921 3424 amorem,
1031 3350 1084 3417 Oui
1099 3351 1193 3407 sancti
1208 3350 1322 3406 tumulo
1337 3354 1465 3407 servaret
1475 3351 1608 3406 membra
1620 3358 1750 3408 sacrata.

152 3435 211 3493 Nec
225 3440 320 3491 tentes
335 3440 470 3490 nostrum
485 3440 552 3507 pest
566 3437 626 3492 hac
643 3439 787 3495 offendere
799 3440 929 3510 jussum,
1065 3441 1138 3495 Nam
1154 3440 1326 3512 piscatores,
1343 3439 1477 3513 lymphas
1491 3440 1580 3496 remis
1596 3446 1779 3510 resecantes

152 3522 259 3596 Magno
274 3523 326 3578 sed
341 3523 439 3579 studio
455 3541 552 3581 serves
566 3542 631 3581 mea
646 3526 723 3582 dicta
734 3530 893 3600 sequenda,
1030 3528 1271 3601 Fluctivagosque
1285 3545 1387 3602 greges
1401 3529 1490 3585 variis
1505 3528 1618 3601 laqueis
1633 3530 1800 3603 capientes,

152 3612 193 3668 Tc
209 3613 278 3684 quia
292 3613 378 3668 eorde
391 3612 463 3681 cele,
482 3630 534 3669 nec
550 3631 606 3668 nen
621 3617 786 3672 venerarier
799 3623 877 3690 opto,
1030 3617 1148 3673 Litteris
1164 3623 1294 3674 extrema
1307 3618 1442 3675 viderunt
1456 3635 1562 3690 corpus
1577 3618 1607 3674 in
1622 3636 1686 3688 ora,

150 3701 229 3758 128
245 3703 338 3757 Tanto
357 3703 533 3774 praecunctis
558 3703 630 3758 aula
655 3704 807 3776 splendere
829 3708 974 3765 ministris
1029 3707 1108 3762 luter
1121 3708 1314 3780 grandisonas
1331 3707 1435 3780 agitari
1452 3707 1588 3779 martyris
1603 3709 1712 3764 nudas.

150 3788 230 3848 Alter
244 3794 277 3846 ut
291 3791 321 3846 in
338 3801 426 3863 reguo
441 3790 492 3860 sis,
510 3808 556 3846 me
575 3797 737 3864 praestante,
755 3796 892 3866 superbo.
1028 3796 1170 3852 Exminus
1186 3797 1240 3853 boc
1256 3797 1350 3852 cautis
1363 3801 1514 3852 cernentes
1528 3813 1633 3869 nempe
1649 3797 1787 3872 pupillis,

185 3880 252 3939 Haec
267 3881 318 3949 ait,
335 3885 363 3935 et
377 3881 478 3936 dextra
492 3883 666 3954 eonrpressit
681 3885 817 3956 martyris
834 3903 893 3958 ora,
1029 3883 1090 3940 Illic
1105 3884 1169 3941 vela
1184 3886 1293 3942 dabant
1308 3886 1406 3957 citius,
1422 3903 1587 3959 corpusque
1602 3886 1755 3943 levabant.

150 3969 311 4027 Astrictum
323 3969 393 4025 lava
409 3970 606 4042 complectens
617 3972 692 4028 colla
706 3979 830 4042 sacrata,
1028 3974 1085 4030 Nec
1101 3976 1160 4047 jam
1174 3992 1304 4047 personas
1317 3978 1442 4032 noscunt
1457 3976 1584 4031 formam
1600 3978 1790 4050 venerandae,

151 4059 213 4125 Quo
228 4058 271 4114 sie
285 4057 422 4114 oscillum
435 4058 538 4114 saltem
553 4060 710 4132 configeret
726 4078 828 4118 unum.
1028 4061 1104 4119 Illita
1118 4081 1264 4138 purpureo
1279 4065 1395 4121 lucrant
1410 4065 1479 4137 quia
1493 4065 1637 4138 sanguine
1655 4067 1805 4136 membra,

150 4142 263 4200 Callida
277 4144 328 4200 sed
344 4143 426 4200 testis
442 4144 573 4201 caritudit
588 4145 700 4202 ludiera
715 4149 802 4223 regis,
1027 4153 1063 4208 st
1076 4157 1164 4226 eaput
1179 4154 1329 4226 egregium
1340 4154 1435 4225 Jacuit
1449 4153 1548 4226 procul
1560 4170 1647 4212 amne
1663 4154 1830 4211 revulsum.

150 4232 248 4305 Osqua
263 4233 336 4306 petit
350 4233 447 4289 subito
464 4251 561 4307 pugno
574 4234 668 4307 regale
683 4237 804 4307 vibrata,
1028 4241 1083 4298 Sed
1099 4246 1202 4310 ⁸tamen
1218 4242 1272 4298 hoc
1289 4243 1418 4316 sapiunt,
1435 4246 1568 4316 prompte
1593 4259 1713 4316 quoque
1740 4249 1855 4317 pectore

150 4322 253 4380 Intulit
267 4327 295 4379 ct
309 4326 425 4379 tantum
441 4324 541 4395 pranis
557 4325 708 4381 obtutibus
723 4326 825 4400 ictum,
1704 4331 1854 4406 [credunt

150 4412 278 4486 Sanguis
295 4417 326 4468 ut
341 4414 452 4486 absque
466 4430 558 4482 mora,
571 4413 687 4471 stillans
702 4416 737 4472 de
753 4409 869 4476 vulnere
884 4421 973 4491 lacto,
1027 4421 1109 4487 Quod
1124 4421 1171 4477 hic
1187 4421 1323 4493 quisquis
1339 4427 1411 4489 erat,
1427 4420 1535 4477 Christi
1547 4437 1599 4494 pro
1613 4420 1679 4495 lege
1694 4423 1833 4492 cadebat,

150 4502 275 4559 Barbam
291 4502 417 4570 soedavit,
436 4518 488 4557 nec
504 4519 561 4556 nou
577 4506 671 4559 vestes
687 4505 850 4563 madefecit.
986 4518 1010 4582 1)
1026 4511 1087 4568 lllic
1099 4510 1129 4566 hi
1145 4511 1198 4567 soli
1212 4510 1283 4583 quia
1297 4511 1476 4566 damnantur
1490 4509 1608 4583 capitali

185 4593 267 4648 Tunc
279 4609 399 4663 rex,non
409 4592 554 4647 modicam
567 4593 659 4648 tristis
675 4611 832 4651 conversus
842 4597 872 4652 in
886 4598 969 4669 irum,
1027 4600 1124 4672 Poena,
1141 4599 1203 4672 qui,
1219 4617 1303 4655 saera
1317 4599 1400 4655 tincti
1416 4599 1600 4671 baptismatis
1616 4601 1709 4670 unda,

148 4680 243 4739 tussit
258 4681 417 4754 Pelagium,
435 4680 560 4737 caelestis
576 4682 653 4754 regis
670 4682 833 4756 aluumum,
1026 4695 1088 4747 Nou
1105 4692 1240 4745 metuunt
1255 4689 1356 4744 crebre
1372 4688 1448 4761 regis
1461 4689 1633 4761 reprendere
1649 4706 1747 4747 saera.

149 4773 243 4829 Trans
260 4788 359 4826 muros
377 4769 488 4843 projici,
502 4772 616 4841 jactum
633 4771 723 4827 lunda
739 4774 907 4846 machinali,
1061 4779 1194 4850 Cumque
1209 4781 1297 4847 caput
1311 4777 1524 4843 nanciscentes,
1539 4777 1675 4849 colloque
1689 4777 1832 4850 locantes,

148 4863 255 4921 Crebro
272 4861 412 4918 bellantes
423 4861 501 4916 saxis
517 4878 579 4933 qua
597 4863 721 4933 persedit
736 4862 845 4933 hostes,
1027 4867 1133 4940 Pelagii
1150 4866 1253 4923 faciem
1269 4871 1466 4939 cognoverunt
1479 4866 1662 4936 rutilantem,

148 4951 260 5010 Nobilis
277 4955 309 5007 ut
322 4951 415 5019 testis,
434 4950 512 5005 duvii
529 4950 648 5007 collisus
664 4952 771 5022 arania,
1026 4956 1103 5012 too
1119 4955 1270 5026 Rumpunt
1285 4954 1315 5010 in
1332 4952 1404 5010 tales
1418 4954 1577 5011 miserandi
1591 4960 1710 5026 pectore
1734 4974 1820 5013 voces
1843 4973 1850 5011 ε

148 5041 256 5100 Urbem
272 5058 335 5113 qun
350 5046 432 5096 vasta
447 5040 567 5112 propius
581 5040 759 5098 circumlinit
774 5046 862 5112 unda,
1026 5044 1087 5101 ileu
1099 5043 1105 5099 1
1119 5045 1199 5115 jacet
1213 5042 1357 5099 examinis
1372 5043 1496 5117 propria
1511 5059 1578 5116 spes
1594 5044 1683 5100 unica
1698 5047 1809 5118 gentis.

148 5129 334 5187 Membratim
351 5133 481 5202 creperet
496 5129 603 5201 raptim
615 5131 783 5203 fractusque
799 5133 915 5204 periret.
1024 5135 1119 5205 Atque
1134 5134 1222 5190 decus
1237 5133 1338 5204 patria
1354 5131 1462 5189 tumuli
1477 5131 1541 5188 sine
1556 5132 1657 5189 sordet
1671 5132 1795 5202 honore,

147 5219 231 5276 'l'alia
241 5218 365 5290 iactanti
381 5219 523 5291 parebant
538 5219 610 5274 terte
626 5219 765 5291 ministri,
1025 5223 1126 5279 Nonne
1139 5221 1211 5280 satis
1227 5221 1330 5277 multis
1346 5221 1456 5277 scimus
1471 5237 1525 5278 nos
1538 5221 1663 5277 vendere
1676 5222 1779 5290 seclis,

148 5307 214 5364 Nox
228 5313 258 5364 ct
269 5308 432 5364 inauditam
449 5312 618 5363 struxerunt
633 5309 759 5381 denique
774 5327 900 5383 paenam,
1025 5311 1146 5382 Semper
1160 5314 1331 5367 sanctorum
1346 5308 1521 5382 corpuscula
1534 5325 1622 5382 passa
1634 5309 1781 5378 virerum,

147 5397 251 5454 Funda
266 5398 415 5472 Pelagium
428 5397 571 5470 Jacientcs
587 5397 836 5472 martyrizandum
1025 5402 1104 5466 Quos
1119 5398 1223 5471 capitis
1237 5399 1331 5456 cades
1345 5402 1559 5454 monstraverat
1572 5414 1637 5454 esse
1652 5398 1780 5456 fideles?

147 5485 233 5545 Urbis
249 5489 366 5544 tamesae
381 5492 462 5544 trans
478 5488 606 5544 maxima
621 5489 730 5544 urceuia
744 5487 839 5562 longe.
1025 5490 1060 5545 lit
1074 5488 1142 5561 quis
1156 5487 1314 5544 laudabilis
1327 5487 1443 5544 dubitet
1458 5503 1564 5560 corpus
1579 5487 1641 5543 fore
1656 5486 1755 5557 testis,

146 5574 215 5663 Sed,
232 5577 300 5637 licet
315 5577 458 5653 ingentes,
476 5578 626 5637 obstantes
641 5577 782 5652 undiquc,
800 5596 900 5658 rupes¹⁴
1024 5579 1105 5650 Quod
1121 5582 1244 5636 truncus
1259 5576 1364 5634 misere
1380 5577 1485 5652 capitis
1505 5577 1585 5653 jacet
1598 5576 1712 5656 absque
1727 5576 1847 5641 demeat
