3900 6090
121 214 160 278 ro
246 297 249 301 A
625 218 1231 284 nmnnuunmnnmrstnun
1364 187 1369 197 ’
1781 223 1819 288 m

119 365 185 406 esse
199 365 258 407 non
273 349 432 426 ambigam.
443 351 540 410 Unum
554 369 622 428 ergo
637 357 760 411 svestra
768 354 941 429 paternitate
951 354 978 422 Α
992 353 1043 410 lite
1054 354 1182 428 flagrans
1191 355 1351 429 paternitas
1359 372 1459 414 secum
1471 354 1595 413 retinere
1606 353 1748 415 voluisset
1756 373 1763 414 ι
1772 359 1822 416 ad·

119 438 255 512 deposco,
267 443 301 496 ut
310 441 388 513 quod
398 446 494 499 vestra
504 443 639 516 jussione
648 447 767 501 coactus
778 442 940 517 aggredior,
994 459 1088 513 versa,
1106 449 1139 500 ut
1162 448 1251 517 patet,
1268 445 1433 517 impellente
1447 446 1575 515 somnne,
1591 463 1650 503 non
1676 446 1819 520 acquievi,

118 533 215 586 vestro
230 529 394 588 munimina
404 530 497 589 frctus
507 531 654 589 indemnis
664 533 800 600 evadam;
811 533 889 604 quod
902 531 943 589 ita
996 533 1047 590 sed
1061 532 1186 606 pristina
1205 551 1277 591 usus
1300 532 1415 591 levitate
1430 534 1512 605 radii,
1529 551 1587 607 quo
1601 552 1650 592 me
1673 540 1703 592 et
1726 536 1821 594 multa

28 626 31 630 '
119 616 183 675 llari
205 617 320 691 poterit,
337 619 362 677 si
386 620 545 679 fastidiosis
561 622 737 694 quibusque,
753 624 782 677 et
795 621 846 693 qui
870 621 942 678 alios
996 639 1116 695 passum
1128 622 1822 699 recolebam,etdcterierapassurumnonigno·

118 709 235 764 tantum
250 709 461 782 reprehendere
476 711 581 779 valent,
594 709 684 781 thjus
693 709 778 767 lectio
789 710 942 766 subtraha-
996 710 1177 779 rabam.Quo
1187 712 1262 769 iacto
1273 714 1302 768 et
1311 710 1383 768 illud
1395 710 1484 788 didici
1499 710 1626 769 multum
1637 714 1715 786 apud
1727 714 1821 771 Deum

118 798 169 853 tur
184 813 191 852 :
207 799 236 853 et
255 798 337 854 vobis
352 798 500 871 vestrique
522 798 680 868 similibus,
697 799 748 872 qui
762 799 826 857 sine
840 799 940 868 livere,
994 800 1090 857 valere
1104 818 1215 875 preces,
1226 817 1301 874 quas
1315 799 1360 856 illi
1372 817 1407 857 ex
1417 799 1514 856 animo
1526 800 1669 870 funditus,
1681 819 1750 858 cum
1762 821 1821 860 una

119 884 203 942 oculo
225 885 403 958 columbine,
421 891 454 944 ut
476 888 518 945 itu
532 888 639 958 dolam,
656 893 761 945 cuncta
785 889 939 962 respicitis,
995 889 1156 962 eademque
1164 889 1263 946 leviter
1271 887 1476 946 lusaorstione
1485 891 1600 944 tantum
1608 891 1763 949 adversum
1775 909 1822 949 mc

119 974 347 1032 examinandum
364 977 537 1049 praebeatur.
995 977 1190 1034 obtinueritis.
1203 978 1386 1035 Reminiscor
1397 978 1475 1034 enim
1486 994 1547 1046 vos,
1555 993 1624 1034 cum
1635 994 1682 1035 me
1698 981 1821 1039 retinere

153 1061 263 1120 Verum
274 1064 335 1122 bec
350 1064 504 1124 hereticus
514 1067 639 1140 quisque
655 1068 801 1140 quomodo
811 1068 886 1125 volet
897 1085 941 1124 ee
996 1065 1165 1137 nequiretis,
1174 1067 1367 1140 imprecatum
1377 1065 1459 1136 mihi,
1468 1070 1500 1123 ut
1509 1065 1670 1123 invenirem
1681 1067 1821 1141 aliquem,

119 1150 221 1224 cipiet:
234 1152 307 1210 mibi
322 1159 451 1212 vestrum
463 1156 611 1228 judicium
621 1156 693 1213 satis
706 1156 844 1213 idoneum
855 1174 941 1213 cons·
996 1154 1047 1227 qui
1061 1172 1107 1212 me
1122 1156 1263 1212 acerrime
1278 1156 1444 1212 verberaret
1464 1154 1494 1210 in
1509 1154 1583 1224 loco,
1599 1156 1636 1211 ad
1651 1172 1740 1228 quem
1755 1161 1822 1215 ten·

118 1243 171 1309 tat,
178 1240 226 1297 cui
236 1258 354 1301 summa
366 1244 497 1313 [Veritas]
508 1245 563 1301 hec
573 1262 649 1302 anno
659 1245 813 1318 perspicuo
822 1246 942 1320 dignata
995 1247 1094 1318 tepere
1108 1245 1299 1314 festinabam3
1320 1262 1410 1318 quarn
1430 1245 1591 1302 orationem
1612 1245 1732 1302 clicctus
1748 1252 1822 1305 este

118 1331 164 1387 eat
173 1331 465 1406 manifestarc,quam
475 1333 623 1391 sitinutile
634 1333 829 1392 sanctissimis
839 1340 941 1392 vestras
994 1334 1116 1409 vestigio
1131 1339 1316 1392 consecutus.
1333 1337 1446 1402 Quanta
1471 1335 1550 1391 enim
1575 1334 1820 1394 contumeliarum

118 1420 303 1491 paternitatis
317 1420 449 1495 imperiis
464 1440 637 1497 repugnare.
653 1423 774 1480 livanire
784 1427 882 1480 summ
895 1425 942 1496 ju·
994 1423 1092 1492 verba,
1109 1428 1180 1496 quot
1200 1425 1360 1498 proborum
1375 1423 1513 1492 ludibria,
1528 1440 1592 1496 que
1608 1427 1637 1480 ct
1657 1424 1756 1497 qualia
1771 1428 1819 1483 de-

118 1504 249 1584 otissime
263 1509 345 1579 solet,
364 1514 396 1568 ut
409 1511 460 1584 qui
474 1512 566 1584 patris
582 1512 711 1570 salubria
726 1512 867 1586 spreverit
876 1530 942 1570 con·
996 1512 1139 1570 risionum
1152 1518 1298 1572 tormenta
1310 1513 1446 1588 deinceps
1458 1513 1554 1586 patiar
1565 1512 1601 1568 ab
1616 1511 1663 1569 his
1675 1514 1820 1588 precipue

118 1592 195 1664 allia,
208 1599 306 1655 debita
320 1600 486 1673 pertinacia
497 1619 557 1657 sue
566 1602 743 1674 quandoque
756 1601 819 1659 luat
832 1601 942 1676 suppli·
996 1602 1047 1674 qui
1061 1608 1145 1659 erant
1159 1604 1309 1675 quendam
1324 1602 1438 1675 pacifici
1453 1602 1521 1670 mci,
1532 1618 1666 1675 quosque
1676 1619 1729 1676 ogo
1743 1606 1821 1677 apud

119 1682 174 1754 cia,
192 1688 269 1758 quod
291 1705 325 1744 co
340 1688 437 1746 verius
461 1707 582 1763 possum
599 1691 691 1759 imeri,
708 1707 766 1763 que
791 1691 898 1764 sapius
914 1696 943 1747 et
995 1707 1047 1748 vos
1062 1692 1187 1747 summis
1202 1691 1340 1747 laudibus
1349 1691 1449 1759 extuli,
1461 1690 1563 1765 lingua
1574 1708 1632 1748 non
1642 1691 1719 1749 valet
1728 1694 1819 1749 all'ari.

118 1771 174 1831 heo
188 1791 265 1833 anno
281 1777 412 1835 crebrius
427 1782 515 1852 atque
538 1779 682 1849 acerbius,
699 1780 758 1836 imo
773 1782 802 1836 et
818 1780 940 1851 justius,
996 1780 1077 1846 Quod
1089 1779 1204 1852 quiaob
1215 1780 1413 1837 ulciscendam
1428 1779 1468 1836 im
1479 1796 1527 1837 me
1540 1779 1687 1837 levitatem
1695 1782 1763 1854 jura
1773 1784 1823 1851 aba

118 1878 179 1920 nen
192 1865 293 1923 desino
309 1867 443 1939 experiri.
995 1867 1097 1942 tigisse
1112 1886 1266 1943 cognosco,
1279 1869 1408 1926 divinam
1425 1887 1513 1942 super
1536 1869 1583 1926 his
1598 1868 1715 1927 laudem
1731 1872 1820 1943 aqui-

154 1952 212 2009 Nec
227 1953 374 2013 immerito
391 1972 398 2012 :
416 1973 485 2038 cum
499 1958 578 2014 enim
599 1974 647 2014 me
661 1957 759 2014 divina
772 1958 865 2031 pietas
878 1957 942 2015 loco
995 1963 1086 2016 tatem
1099 1975 1105 2014 :
1117 1961 1146 2015 et
1160 1962 1193 2014 ut
1206 1959 1243 2015 ab
1259 1959 1305 2015 his
1316 1959 1435 2015 tandem
1446 1958 1519 2032 eripi
1531 1976 1648 2032 queam,
1658 1962 1820 2017 vestrarum

118 2038 169 2097 illo
179 2042 365 2114 restituisset,
378 2062 436 2118 quo
447 2062 494 2103 me
504 2047 539 2103 ad
553 2046 609 2104 sibi
620 2046 806 2104 serviendum
818 2048 881 2118 jam
891 2048 944 2104 da·
996 2046 1101 2105 obnixe
1115 2046 1231 2119 postulo
1247 2046 1387 2121 suffragia
1397 2064 1517 2120 precum
1531 2065 1538 2103 ι
1551 2051 1682 2121 utquam
1697 2048 1765 2106 licet
1774 2068 1823 2108 no·

119 2128 192 2187 dum
207 2130 363 2206 delegerat,
380 2139 409 2191 et
423 2136 501 2192 unde
517 2152 570 2209 ego
581 2135 681 2193 infelix
690 2135 889 2193 instabilitatis
899 2153 943 2192 se
995 2137 1059 2193 lens
1074 2139 1156 2193 tauto
1172 2135 1319 2210 malignus
1344 2137 1422 2194 lasce
1441 2136 1603 2210 gravitatis,
1616 2139 1725 2196 orande
1739 2143 1821 2197 tanto

120 2215 272 2277 lummedo
288 2238 377 2279 causa
391 2223 529 2294 exieram,
545 2241 613 2281 cum
629 2224 738 2282 ibidem
748 2225 886 2282 omnibus
896 2226 943 2282 bo·
996 2224 1112 2282 relevati
1139 2224 1175 2281 ob
1185 2241 1273 2281 onere
1283 2225 1455 2282 dexterioris
1470 2243 1593 2283 manum
1604 2227 1743 2285 orationis
1754 2246 1820 2303 por·

119 2305 168 2364 nis
181 2308 374 2379 abundarem,
391 2312 529 2383 quodque
551 2329 603 2386 ego
629 2329 719 2386 super
742 2313 840 2369 omnia
855 2314 940 2381 duce,
997 2314 1127 2387 rigando.
1143 2313 1251 2370 Verum
1267 2314 1328 2370 haec
1344 2314 1470 2388 plenius,
1487 2314 1511 2372 si
1530 2315 1671 2374 Dominus
1688 2316 1820 2391 cupitum

121 2396 309 2455 sanctissime
322 2404 491 2457 sanctorum
513 2401 632 2459 Petrum
646 2401 800 2459 dilectione
814 2402 940 2470 loversr;
996 2403 1154 2476 prebuerit
1173 2402 1363 2475 colloquium,
1380 2404 1443 2461 vive
1464 2421 1598 2462 sermone
1622 2407 1821 2480 expedientur.

100 2563 102 2568 Ι
119 2485 760 2565 oum,inquam,mesupernaclementiapost
771 2491 941 2548 diuturnam
996 2492 1078 2558 Ouod
1095 2495 1127 2546 ut
1141 2491 1227 2548 citius
1242 2491 1305 2548 lieri
1326 2492 1429 2561 valeat,
1446 2499 1541 2551 vestra
1561 2495 1715 2553 exorabilis
1730 2495 1821 2554 aratio

120 2575 320 2649 evagationem
330 2575 400 2635 illuc
410 2583 583 2648 revocasset,
593 2585 748 2654 vestraque
762 2595 831 2653 erga
842 2597 943 2639 mese
996 2579 1132 2656 precibus
1148 2580 1258 2638 crebris
1273 2579 1413 2642 obtineat.

829 2973 1104 3067 PROLOGUS.

151 3391 223 3446 Cum
236 3389 375 3447 iratribus
385 3389 664 3448 adolescentioribus
676 3390 784 3448 nostris
799 3391 934 3465 quaedam
950 3373 972 3442 C
990 3389 1074 3462 plura
1100 3390 1296 3447 excusationis
1319 3390 1473 3446 obtentum
1497 3391 1546 3456 [etc
1564 3389 1621 3447 ced.
1642 3392 1665 3461 s.
1681 3390 1814 3461 obtentu]

116 3477 309 3536 calculatoriae
337 3480 408 3537 artis
436 3480 602 3537 rudimenta
625 3472 776 3537 communi
804 3497 939 3537 sermone
992 3479 1167 3552 objicerem
1182 3483 1246 3535 tum
1270 3494 1337 3536 vero
1352 3477 1531 3552 pertinacius
1555 3478 1696 3549 institere,
1713 3483 1742 3537 et
1759 3498 1817 3538 nen

115 3567 258 3641 explicare
273 3568 437 3643 coepissem,
453 3586 511 3642 que
534 3569 577 3628 eis
600 3569 724 3642 hujusce
738 3586 856 3644 quoque
878 3586 936 3627 non
991 3566 1067 3637 novi,
1080 3567 1227 3641 inquiunt,
1240 3566 1350 3639 aliquid
1366 3571 1393 3624 te
1409 3568 1514 3625 cudere
1529 3567 1668 3642 patimus,
1680 3568 1731 3642 qui
1743 3569 1816 3626 nibil

114 3659 344 3728 mntemnende,
354 3664 387 3715 ut
395 3659 481 3716 rnulti
491 3658 680 3728 arbitrantur,
687 3658 814 3716 scicntia
824 3658 936 3730 aliquid
987 3658 1050 3730 jam
1061 3658 1180 3731 reperiri
1191 3673 1277 3731 posse
1287 3673 1396 3726 remur,
1404 3658 1482 3730 quod
1493 3657 1530 3715 ab
1541 3656 1605 3715 aliis
1616 3674 1674 3715 non
1686 3657 1815 3716 invenia-

113 3743 288 3819 lmpertirer,
304 3764 379 3820 quos
394 3748 424 3805 in
444 3752 506 3806 arte
519 3748 722 3822 grammatica,
738 3753 826 3822 prout
839 3747 937 3805 divina
990 3751 1039 3804 tor
1054 3746 1180 3816 diotum;
1195 3747 1246 3804 aed
1257 3764 1291 3804 cn
1301 3746 1358 3816 his,
1371 3761 1435 3820 quar
1446 3746 1482 3803 ab
1493 3746 1559 3805 aliis
1570 3748 1677 3804 asseris
1687 3747 1814 3819 sparsim

113 3834 252 3893 auxiliata
265 3841 310 3894 ast
324 3838 536 3906 munificentia,
551 3836 737 3911 aliquetenus
752 3836 934 3908 induxeram,
991 3837 1165 3910 copioseque
1177 3836 1471 3908 tractata,pescimus
1487 3835 1606 3890 utiliora
1621 3850 1746 3906 quasque
1769 3851 1818 3890 no-

113 3924 212 3982 nescio
221 3942 280 3999 quo
291 3927 405 3985 accensi
414 3927 558 3986 desiderio
567 3926 872 3984 instarevchementer
882 3945 935 3985 cra·
990 3926 1094 3996 bisque
1116 3923 1290 3990 necessaria,
1308 3923 1405 3979 studio
1429 3922 1479 3978 liro
1506 3922 1652 3994 decerpta,
1668 3921 1698 3978 in
1723 3938 1816 3980 unum

112 4017 229 4086 perant,
241 4019 387 4086 quatenus
402 4033 445 4086 ea,
458 4033 522 4089 que
532 4015 597 4073 viva
605 4033 674 4073 voce
684 4018 933 4089 deprompseram,
990 4011 1228 4085 eolligi,etveluti
1239 4014 1350 4067 sertum
1359 4010 1508 4083 quoddam
1518 4025 1553 4064 ex
1562 4009 1815 4069 diversislloribus

112 4099 273 4159 multorum
289 4102 407 4160 utilitati
432 4105 584 4176 protutura
599 4104 807 4175 qualicumque
827 4104 934 4177 scripte
989 4100 1186 4174 compingito
1198 4116 1256 4172 quo
1268 4117 1354 4173 opere
1369 4115 1427 4156 non
1443 4097 1649 4171 pompacitatis
1659 4099 1814 4157 verborum

111 4189 238 4258 ederem,
254 4195 296 4259 ut,
314 4191 338 4248 si
352 4193 470 4265 quando
483 4191 554 4262 hec,
571 4197 604 4248 ut
618 4191 692 4248 solet
707 4209 790 4249 mens
803 4192 934 4250 humana
988 4189 1158 4258 lalcrasaut
1168 4187 1342 4245 urbanitatis
1353 4187 1636 4260 erigimusveneres,
1649 4204 1723 4259 quas
1734 4193 1814 4248 utras

111 4277 235 4336 diversis
243 4280 343 4339 dedita
351 4280 430 4339 curis
445 4280 539 4338 multa
548 4279 689 4348 oblivisci,
704 4279 850 4338 memorie
861 4281 934 4338 cxci·
990 4279 1093 4351 {supple
1107 4277 1146 4347 inl
1163 4277 1352 4351 antiquorum
1367 4281 1413 4334 est
1431 4275 1561 4332 invenire
1582 4277 1812 4335 commentariis.

110 4367 221 4440 darent,
232 4368 396 4429 litterarum
408 4369 556 4444 suffragiis
571 4387 605 4427 ea
619 4385 737 4443 quoque
752 4370 838 4427 mode
854 4385 934 4442 repa·
987 4367 1140 4424 Enimvero
1156 4384 1220 4440 quaa
1235 4368 1271 4424 ab
1287 4365 1352 4424 aliis
1368 4365 1523 4423 obscurius
1534 4369 1604 4422 sunt
1614 4364 1738 4438 prolata,
1751 4371 1812 4438 tuo,

109 4470 175 4515 rare
198 4457 336 4517 valerent.
352 4459 464 4527 Quibus
488 4475 556 4517 cum
580 4458 723 4515 obnoxius
740 4461 770 4530 [s.
786 4458 930 4527 ubnixius]
987 4472 1168 4528 quesumus,
1185 4455 1385 4514 manifestiora
1400 4457 1473 4512 llant
1496 4453 1601 4511 relatu.
1619 4453 1679 4511 Hac
1703 4455 1813 4512 evictus

109 4545 248 4618 renitens,
265 4548 294 4606 id
311 4550 467 4622 quoderat
489 4548 687 4616 obtenderem,
704 4563 857 4621 superesse
873 4547 931 4604 sci·
986 4546 1217 4619 importunitate,
1228 4550 1257 4603 et
1267 4546 1303 4602 de
1313 4543 1412 4601 divina
1424 4560 1605 4617 presumens
1620 4542 1756 4616 largiflua
1766 4545 1815 4602 be·

108 4631 177 4691 licet
192 4636 282 4694 libros
298 4639 333 4695 de
348 4638 404 4695 bac
418 4638 520 4694 eedem
535 4653 566 4694 re
581 4641 644 4692 tum
659 4633 796 4705 dilucide,
808 4639 872 4693 tum
885 4652 932 4693 vc·
986 4635 1091 4704 nitate,
1117 4635 1250 4692 studiosa
1275 4633 1467 4691 nihilominus
1491 4636 1665 4705 provocatus
1688 4633 1812 4690 lratrum

107 4732 195 4786 nustc
204 4727 350 4801 medorum
359 4731 527 4782 nostrorum
538 4724 932 4800 temperceditos,prrccipue
946 4744 970 4811 [J
985 4722 1135 4795 charitate,
1148 4740 1212 4796 quae
1227 4721 1379 4780 humiliter
1392 4739 1442 4779 eos
1457 4720 1607 4794 postulare
1622 4721 1712 4790 sensi,
1725 4738 1757 4778 eo
1772 4726 1810 4778 te

105 4816 281 4876 venerabilis
294 4816 348 4872 viri
364 4813 480 4872 Domini
500 4814 582 4871 Beda
606 4813 777 4888 presbytcri,
794 4813 929 4887 quicum
985 4829 1055 4870 nora
1072 4817 1184 4869 tentme
1210 4812 1395 4886 presumpsi,
1418 4816 1450 4867 ut
1477 4811 1539 4867 hec
1568 4808 1642 4866 nulli
1665 4826 1806 4882 unquam,

105 4908 137 4964 in
152 4907 234 4978 aliis,
244 4909 307 4960 turn
322 4903 411 4961 etiam
425 4904 454 4960 io
470 4903 525 4960 hoe
540 4910 645 4960 sancte
661 4902 795 4959 Ecclesia
811 4902 928 4959 utilitati
983 4905 1088 4974 prater
1108 4919 1149 4970 se,
1170 4900 1295 4975 legenda
1317 4901 1455 4974 prebere,
1469 4899 1515 4957 val
1539 4903 1687 4957 auctorem
1712 4896 1807 4971 operis

105 4996 267 5070 plurimum
286 4993 433 5061 esudavlt;
450 4992 567 5050 illorum
592 4991 744 5048 lectionem
770 4992 927 5061 instarent;
983 4989 1132 5062 publicare
1148 4989 1364 5063 pollicerentur.

103 5084 171 5142 illos
181 5084 296 5140 diutina
308 5082 495 5140 meditatione
506 5082 669 5155 perdiscere
681 5082 842 5150 studerent,
854 5099 871 5136 a
882 5097 928 5137 me
1018 5080 1073 5136 Sed
1088 5084 1116 5135 et
1131 5079 1154 5135 si
1170 5080 1256 5151 eujus
1271 5078 1431 5152 peritorum
1448 5078 1509 5134 hec
1524 5091 1608 5133 aures
1621 5074 1805 5145 offenderint,

102 5173 295 5231 intentionem
322 5174 494 5238 averterent,
512 5189 563 5228 nec
579 5188 626 5228 me
650 5169 767 5244 aggredi
792 5175 928 5242 cogerent
983 5185 1018 5225 ne
1028 5185 1074 5224 me
1083 5166 1255 5225 temeritatis
1266 5171 1346 5224 notet
1355 5168 1459 5241 elogio,
1471 5166 1521 5221 sed
1533 5162 1644 5220 neverit
1655 5180 1702 5220 me
1713 5165 1807 5221 chari·

103 5278 177 5336 opus
192 5261 324 5319 omnium
336 5260 431 5334 sputis
447 5260 616 5328 obnoxium,
628 5264 811 5327 cunctorum,
823 5259 927 5315 doridi·
981 5256 1048 5313 tatis
1064 5257 1195 5330 paruisse
1210 5256 1343 5329 imperio,
1360 5274 1393 5312 ac
1416 5256 1548 5311 fraterne
1573 5250 1691 5308 utilitati
1707 5254 1805 5312 deser-

103 5350 178 5410 culis
192 5351 326 5424 dignum,
342 5347 504 5423 presertim
523 5364 590 5404 cum
611 5347 667 5405 sim
692 5348 809 5422 ingenio
831 5347 924 5417 rudis,
979 5345 1065 5413 visse,
1083 5350 1169 5418 prout
1183 5346 1239 5401 luit
1255 5341 1512 5416 studiepossibilc.
1524 5339 1700 5408 Quotidiaua
1716 5343 1805 5416 igitur

103 5455 238 5497 sermono
263 5437 431 5513 impeditus,
449 5440 477 5493 et
497 5453 533 5492 ne
552 5437 699 5493 rusticane
725 5436 843 5509 quidem
866 5436 924 5494 elo·
980 5450 1136 5506 annuaque
1146 5433 1277 5507 Competi
1289 5435 1461 5505 argumenta
1471 5428 1642 5504 vulgatiora,
1654 5435 1684 5487 et
1692 5448 1756 5505 quae
1766 5448 1802 5487 ne

102 5528 171 5602 quio
185 5527 331 5588 balbutire
346 5526 502 5595 sulliciam,
514 5526 623 5582 nedum
634 5525 762 5582 veritatis
772 5525 924 5599 quippiam
978 5523 1070 5581 laicus
1082 5523 1212 5594 quidem,
1228 5539 1264 5579 ne
1274 5522 1346 5577 dum
1362 5519 1485 5576 clericus
1495 5518 1616 5593 impune
1626 5519 1802 5593 ignoraverit

102 5618 287 5680 comminisci
316 5631 505 5692 presumatu-
531 5614 605 5676 Cum
628 5613 700 5683 hec,
717 5612 923 5687 hujuscemodi
979 5613 1185 5686 undecumque
1195 5608 1356 5681 collaetari
1367 5607 1601 5684 planioraquam
1609 5608 1712 5670 siutab
1723 5607 1800 5680 abis,
