3900 6090
133 267 192 338 oto
793 273 981 338 oeuooeil
1000 273 1026 337 V
1047 275 1174 340 PAPAE.
1781 281 1842 345 920

521 409 567 466 Xl.
969 406 1135 478 Asianem,
1148 410 1345 470 ecclesiastico
1361 430 1451 483 more,
1468 414 1498 471 in
1518 414 1639 488 presiate
1653 409 1838 490 episcopatu,

168 527 302 569 onaooun
321 530 454 571 sersaoni
468 532 504 571 aa
523 533 654 572 recussu
676 531 919 572 navauunraussn
1011 499 1181 572 elti⁵⁰0l³¹1¹¹l
1193 519 1363 559 ⁰⁰⁰⁵0⁰r³r0
1372 504 1511 574 debeatis
1520 510 1633 561 terimi&
1642 506 1781 562 Omnium
1792 506 1841 564 ht

412 604 673 643 sncuirriscoruu.
1011 589 1123 644 usinum
1147 592 1385 649 contradictione.
1398 594 1565 650 statuentes
1585 593 1752 667 apostolica
1769 611 1841 652 cen·

451 678 544 748 (Arnim
559 678 633 749 997.)
1004 694 1080 757 sura
1092 680 1147 734 sub
1164 679 1252 736 divini
1262 681 1367 751 judicii
1382 683 1586 751 obtestatione,
1598 689 1628 739 et
1639 683 1841 741 anathematis

149 764 335 820 Placentirmm
358 765 497 822 ecclesiam
522 769 650 833 restituit,
674 767 935 838 neerei-eororam,
1009 764 1842 845 interdictumsiquicunquebomo,cujuslibetpetesta·

483 839 601 911 iiiiiicit.
1010 855 1840 931 tisexistens,prmsempseritausutenierariocontrahoe

147 952 156 966 ¹
202 923 294 997 [Apud
319 926 882 1001 9199596099ῐῆἱῦῐη-ΧῙΧ,0οῙ·298·]
1009 944 1173 1016 apostolica
1190 947 1421 1004 confirmationis
1436 948 1621 1023 privilegium
1642 958 1840 1024 egererent·

166 1033 278 1089 Dilecto
301 1033 361 1088 illio
385 1034 490 1091 ioanni
508 1036 536 1090 S.
555 1034 729 1090 Ravennatis
754 1034 887 1090 Ecclesia
909 1053 954 1089 ar·
1004 1033 1072 1104 jure
1083 1034 1112 1089 S.
1126 1036 1301 1092 Ravennatis
1311 1038 1444 1093 Ecclesia
1457 1039 1608 1111 prelatum
1619 1041 1837 1113 episcopatum,

132 1120 315 1193 chlepiscopo
335 1125 509 1191 venerande,
522 1125 640 1196 tuisque
665 1124 883 1179 suecessoribus
908 1141 953 1178 ar·
1009 1123 1166 1194 donum,ct
1177 1125 1424 1182 consecrationem
1438 1128 1588 1200 subripere
1599 1129 1769 1197 tentaverit,
1782 1129 1839 1186 nisi

131 1209 324 1283 cbiepiscopis
340 1212 368 1266 in
384 1217 568 1285 perpetuum.
1008 1211 1173 1282 resipuerit,
1186 1218 1214 1268 et
1224 1213 1270 1269 his
1282 1215 1401 1270 monitis
1413 1215 1521 1272 nostris
1531 1218 1723 1289 acquieverit,
1734 1223 1838 1275 aucto·

166 1298 274 1354 Divinae
291 1300 534 1357 remunerationis
550 1302 679 1373 premia,
692 1307 720 1356 et
735 1302 816 1356 boue
831 1300 954 1357 actionis
1008 1300 1093 1357 ritate
1104 1301 1153 1357 Dei
1165 1305 1193 1357 et
1203 1309 1302 1359 nostra
1314 1320 1371 1360 non
1383 1304 1479 1361 solum
1497 1306 1697 1362 anathematis
1709 1307 1838 1366 vinealis

131 1391 237 1444 nostre
252 1388 366 1446 labores
381 1391 417 1445 ab
440 1396 546 1446 aterna
566 1407 655 1446 manu
671 1396 768 1463 optate
784 1392 953 1448 fructificari
1008 1388 1173 1459 innodetur,
1191 1393 1241 1448 scd
1265 1410 1282 1448 a
1308 1409 1396 1466 regno
1422 1393 1471 1450 Dei
1497 1394 1609 1451 alienus
1635 1396 1760 1464 existat;
1788 1397 1837 1470 qui

130 1481 292 1550 sperantes
304 1477 426 1551 dignum
439 1479 576 1535 duximus
591 1481 670 1535 omni
687 1480 789 1536 divine
805 1481 954 1538 servitutis
1008 1482 1106 1534 autem
1122 1497 1207 1535 verus
1222 1485 1322 1537 custos
1344 1488 1371 1537 st
1390 1482 1559 1538 observator
1573 1485 1730 1552 exstiterit,
1747 1485 1836 1543 hene·

130 1566 270 1638 obsequio
285 1565 485 1624 hilarimente
505 1568 674 1640 impendere
689 1568 875 1640 famulatum,
891 1587 953 1626 ma·
1008 1565 1145 1623 dictionis
1160 1569 1285 1641 gratiam
1301 1587 1319 1625 a
1334 1570 1457 1626 Domino
1474 1571 1612 1645 consequi
1628 1576 1789 1628 mereatur.

129 1654 207 1711 xime
222 1655 252 1710 iu
268 1656 467 1713 restaurandis
483 1657 623 1727 ecclesiis,
637 1676 710 1730 quas
721 1661 756 1716 ab
768 1660 955 1717 antecessori·
1044 1656 1191 1729 Scriptum
1208 1674 1297 1713 manu
1314 1659 1389 1715 Petri
1405 1660 1562 1728 scriniarii,
1579 1662 1687 1717 notarii
1703 1666 1733 1718 et
1746 1662 1840 1736 regio-
1859 1690 1862 1695 ·

129 1744 186 1800 bus
201 1744 310 1802 nostris
334 1746 370 1801 ad
396 1745 485 1802 divini
502 1764 590 1804 usum
615 1748 724 1805 servitii
749 1750 860 1807 dicatos
885 1767 952 1806 con·
969 1778 993 1844 B
1008 1745 1082 1801 uarii
1098 1751 1125 1801 S·
1138 1747 1172 1802 ii·
1184 1747 1215 1802 Ε.
1227 1748 1257 1802 iu
1274 1764 1375 1804 meuse
1389 1748 1478 1817 iulio,
1490 1749 1649 1806 indictione
1664 1751 1838 1823 supradicte

130 1833 954 1908 speximusouapropterconsiderentesetiumuniversas
1008 1851 1035 1889 x·
1053 1835 1117 1890 Dei·
1133 1835 1206 1890 Nou·
1223 1836 1282 1892 Jul-
1299 1853 1351 1908 por
1375 1854 1480 1893 munus
1504 1838 1627 1894 loannis
1651 1839 1785 1914 episcopi
1807 1841 1836 1897 S.

130 1921 255 1979 hereses
269 1922 300 1978 in
316 1928 417 1980 sancta
440 1925 584 1983 catholice
605 1927 734 1983 Ecclesia
750 1927 955 1985 miserabiliter
1007 1918 1181 1976 Albuussuuiss
1196 1922 1331 1979 Errieeiu
1347 1927 1375 1980 oi
1398 1924 1610 1981 bibliothecarii
1625 1931 1736 1984 suuoie
1751 1943 1837 2001 apos·

130 2011 333 2085 ortas,dignss
358 2015 480 2070 resecari
507 2016 536 2071 S.
554 2016 713 2072 Ravennati
739 2017 882 2087 Ecclesia,
899 2018 953 2074 tibi
1009 2008 1099 2065 ioiirae
1115 2011 1203 2068 sedis.

129 2099 236 2157 loanni
251 2102 384 2174 ejusdem
407 2103 535 2160 ecclesie
554 2106 718 2162 venerando
742 2105 951 2179 archipresuli,

128 2189 247 2263 tuisque
257 2192 477 2249 successoribus
486 2193 515 2249 in
527 2199 712 2267 perpetuum,
724 2199 844 2268 paterno
855 2213 954 2254 amore

129 2279 331 2336 subvenimus.
349 2280 546 2339 Placentinum
569 2283 721 2341 ecelesiam
744 2285 853 2357 injuste
867 2284 953 2342 tibia

80 2365 85 2381 “
129 2383 194 2425 meo
209 2374 393 2426 antecessore
418 2371 558 2439 ablatam,
576 2378 604 2428 et
623 2376 724 2429 contra
747 2389 873 2430 canones
897 2374 952 2430 sub

129 2458 247 2514 nomine
262 2457 531 2533 archiepiscopatus
543 2460 677 2529 locatam,
690 2462 742 2518 tibi
754 2463 872 2535 tuisque
887 2481 952 2519 suc·

129 2546 294 2603 sessoribus
306 2548 465 2605 refutantes
473 2549 501 2604 in
514 2552 828 2624 perpetuumlnsuper
837 2553 923 2608 etium
936 2570 953 2608 a

1388 2102 1449 2158 Xll.

1037 2205 1169 2245 uescenti
1191 2207 1271 2246 PAPAE
1285 2208 1303 2246 V
1317 2208 1450 2248 aristote
1465 2209 1502 2248 Au
1517 2209 1653 2250 ΑΒΒΟΝΕΜ
1669 2210 1804 2253 summu

1310 2280 1534 2320 utoniscsussn.

1326 2352 1420 2424 (Anne
1434 2352 1511 2420 997.)

1103 2438 1197 2512 [Apud
1213 2439 1336 2508 nichili,
1354 2441 1581 2510 straditionem,
1600 2442 1645 2510 lV,
1665 2443 1741 2516 107.)

1042 2544 1165 2600 Domino
1182 2546 1348 2617 specialiter
1362 2546 1518 2602 venerabili
1530 2548 1643 2604 Ansam
1659 2549 1773 2618 abbati,
1787 2550 1830 2615 G,

129 2639 228 2692 nostro
239 2636 404 2709 apostolatu
419 2638 591 2710 postulastis
603 2645 747 2712 quatenus
761 2657 812 2713 pre
824 2640 953 2714 omnipo-

127 2725 216 2781 tentis
233 2725 284 2782 Dei
306 2743 413 2796 amore,
431 2730 620 2801 mercedeque
637 2730 741 2785 anime
765 2735 881 2798 nostre,
899 2747 952 2786 nec

128 2829 187 2870 non
202 2818 247 2871 est
261 2831 313 2889 pro
330 2820 408 2872 statu
424 2817 504 2890 regni
528 2817 638 2873 domini
664 2818 849 2879 invictissimi
873 2819 951 2875 tertii

128 2901 243 2960 Ottonis
253 2903 438 2977 imperatoris
448 2907 582 2978 Augusti,
595 2907 795 2980 episcopatem
811 2909 951 2964 Mantele-

128 2996 278 3049 retranum
290 3009 357 3050 eum
369 2994 448 3049 omni
462 2995 627 3067 integritate
638 3013 702 3064 sua,
714 3013 748 3052 ox
763 3002 861 3053 nostro
876 2998 951 3053 dono

1007 2647 1108 2688 servus
1123 2650 1270 2690 servorum
1288 2635 1350 2701 Dei,
1367 2634 1492 2691 salutem
1506 2636 1536 2690 in
1552 2635 1679 2694 Christo.

1042 2723 1115 2788 Quia
1143 2722 1306 2778 litterarum
1329 2728 1494 2780 vestrarum
1520 2725 1644 2798 portitor
1674 2727 1850 2784 festinabat·

1007 2810 1182 2882 quantocius
1193 2812 1297 2881 redire,
1310 2812 1356 2867 vix
1366 2812 1571 2885 vespertinalis
1583 2831 1727 2887 synaxeos
1740 2817 1831 2889 spatio

1007 2904 1039 2956 ut
1054 2905 1249 2957 remoraretur
1269 2900 1347 2957 valui
1363 2902 1528 2974 impetrare.
1545 2903 1627 2959 Unde
1651 2904 1830 2980 breviloquio

1007 3008 1089 3059 usus,
1105 2996 1207 3046 vestre
1224 3007 1340 3063 semper
1359 3007 1427 3065 erga
1447 3008 1494 3047 me
1520 3008 1599 3048 novae
1625 2994 1830 3052 benevolentia

129 3081 184 3138 sub
196 3081 263 3152 jure
274 3081 489 3138 S.ltavennatis
502 3084 635 3139 Ecclestae
646 3085 828 3153 donandam
840 3087 950 3156 spisso·
1007 3081 1118 3154 grillius
1143 3081 1245 3149 relero,
1263 3084 1373 3152 petens,
1397 3079 1473 3136 sicut
1497 3081 1673 3148 mandastis,
1691 3088 1725 3140 ut
1749 3085 1831 3141 nobis

61 3226 63 3231 ,
128 3184 201 3242 pum
211 3169 400 3225 consecrandi
413 3171 517 3227 amodo
527 3171 557 3227 in
574 3173 714 3229 anteacui
725 3173 885 3242 volueritis,
898 3173 950 3230 tihi
967 3146 988 3215 C
1008 3170 1127 3224 fratrem
1144 3169 1177 3224 ii·
1194 3169 1459 3241 impresentiarum
1474 3168 1618 3241 dirigatis,
1630 3170 1682 3243 qui
1699 3172 1786 3229 uobis
1798 3173 1831 3231 de

129 3256 247 3330 tuisque
258 3259 488 3327 successoribus,
501 3264 606 3317 nostra
617 3262 782 3334 apostolica
793 3261 949 3320 auctorite-
1003 3264 1099 3315 vestra
1123 3259 1326 3331 prosperitate,
1348 3259 1384 3314 de
1409 3258 1486 3333 regis
1515 3259 1713 3332 promissione
1731 3262 1783 3333 (7),
1797 3262 1831 3319 de

127 3345 168 3403 tis
182 3345 332 3421 privilegio
349 3347 532 3404 muniremus
553 3349 582 3403 iu
602 3354 784 3423 perpetuum.
797 3351 951 3424 Propterea
1004 3349 1228 3405 cantuariorum
1253 3347 1466 3421 archiepiscopi
1491 3346 1696 3405 incolumitate
1724 3366 1830 3406 muen-

128 3438 189 3494 tuis
200 3436 264 3494 flexi
275 3437 421 3509 precibus,
434 3437 469 3492 ed
479 3437 618 3494 honorem
630 3440 658 3496 S.
667 3439 843 3495 Ravennatis
853 3440 949 3496 Eccle·
1004 3437 1069 3505 tiae
1084 3454 1176 3493 unum
1188 3437 1358 3508 deprecans,
1367 3440 1399 3491 ut
1409 3436 1553 3493 exvestris
1564 3435 1740 3494 missalibus
1749 3437 1830 3496 libris

127 3529 189 3598 sie,
200 3531 229 3585 et
245 3526 434 3584 stabilitatem
451 3527 583 3599 ejusdem
602 3527 758 3584 venerandi
774 3528 839 3597 loci,
854 3530 949 3602 ipsam
1004 3527 1148 3597 optimum
1177 3523 1396 3592 transmittatis,
1414 3529 1570 3597 quatenus,
1596 3524 1829 3601 quotiescunque

122 3615 496 3693 jamfetumvenerabilem
511 3616 713 3689 episcopatum
730 3617 949 3676 Monteferetra·
1003 3615 1079 3672 inter
1103 3615 1261 3671 missarum
1287 3613 1429 3670 solemnia
1450 3614 1559 3680 videro,
1580 3613 1719 3686 specialis
1744 3617 1828 3674 amici

126 3725 198 3767 num
209 3723 277 3764 cum
288 3705 368 3763 omni
376 3704 542 3778 integritate
554 3723 616 3773 sua,
631 3705 742 3763 scilicet
752 3707 894 3777 ecclesiis,
905 3725 950 3764 ca·
1003 3721 1116 3761 memor
1134 3702 1200 3771 sim,
1216 3719 1368 3775 nunquam
1393 3702 1528 3775 ingratus
1551 3707 1648 3759 vestro
1676 3703 1827 3791 beneficio.

125 3795 947 3874 pellis,essis,oaselibus‚curtibus,mansis,coloniis,ab·

124 3884 946 3959 hstiis,cellis,iundis,seuterris,vineis‚pratis,pascuis,

124 3977 213 4036 etiam
229 3972 348 4033 famulis
363 3973 517 4046 utriusque
528 3990 625 4041 sexus,
637 3977 665 4029 et
678 3991 744 4030 curn
757 3975 895 4032 omnibus
911 3977 947 4032 ed

120 4066 173 4139 jus
181 4063 273 4120 notati
281 4062 420 4136 episcopii
428 4061 560 4136 legaliter
568 4061 948 4134 pertinentibus,salvumet

124 4154 155 4209 in
167 4151 422 4224 cunctisquietum
433 4151 591 4207 consistere
608 4153 663 4207 seb
678 4152 746 4222 jure
765 4159 872 4211 sancte
889 4156 947 4211 lta-

123 4239 257 4299 vennatis
267 4240 347 4296 sedis
357 4239 489 4308 tuitione,
508 4239 572 4296 sine
596 4239 752 4312 cujuslibet
762 4259 947 4316 quacumque

123 4329 362 4389 contradictione.
371 4326 754 4399 ltascilicetconfirmantes,
763 4333 947 4390 decernimus

122 4425 156 4478 ut
170 4420 326 4494 episcopus
341 4416 391 4490 qui
413 4415 444 4471 in
459 4416 560 4472 eodem
576 4417 723 4491 episcopio
749 4437 801 4492 pre
817 4427 946 4495 tempore

1002 3795 1111 3852 Valetc.

1375 3882 1449 3938 Xlll.

1020 3990 1153 4031 GREGORH
1170 3989 1250 4029 PAPAE
1264 3989 1282 4026 V
1297 3987 1485 4029 matutinorum
1506 3987 1561 4027 PRO
1576 3988 1700 4029 seueris
1714 3989 1742 4030 S·
1756 3991 1811 4031 ΑΙ·

1362 4059 1467 4099 unosn.

1321 4133 1414 4204 (Anne
1428 4131 1503 4204 997.)

1125 4223 1217 4296 [Apud
1235 4222 1341 4289 Mansi,
1352 4222 1431 4279 Coeo.
1448 4226 1520 4277 torn.
1535 4220 1606 4289 XIX,
1623 4221 1704 4296 203.]

1037 4333 1194 4403 Postquam
1210 4329 1295 4386 beate
1307 4329 1400 4396 Petro,
1412 4326 1612 4401 apostolorum
1624 4328 1767 4401 principi,
1777 4328 1826 4385 Do

1000 4422 1142 4478 minusue
1154 4419 1331 4490 Redemptor
1346 4421 1445 4473 noster
1454 4417 1540 4474 lesus
1551 4415 1689 4473 Christus
1700 4432 1736 4473 ex
1746 4421 1826 4472 utero

122 4510 210 4567 luerit
224 4526 241 4565 a
253 4512 292 4577 te,
304 4506 347 4563 vel
363 4523 381 4562 a
395 4506 455 4562 tuis
470 4505 688 4563 successoribus
703 4508 866 4580 ordinatus,
878 4510 942 4569 sine
956 4514 981 4582 D
995 4509 1124 4585 Virginis
1139 4525 1191 4581 pro
1203 4512 1302 4563 nostra
1314 4505 1523 4578 redemptione,
1536 4509 1640 4560 uteret
1651 4505 1825 4562 Deusverus

121 4598 201 4657 omni
216 4596 455 4664 contradictione,
468 4595 679 4668 subjectionem
696 4597 860 4670 impendat;
873 4604 900 4656 et
911 4606 944 4657 ut

120 4687 170 4746 alii
186 4685 373 4758 suffraganei,
385 4685 415 4741 in
426 4684 564 4741 omnibus
574 4685 736 4741 secundum
747 4687 875 4745 ecclesia
887 4694 941 4745 tue

118 4777 283 4854 proiectum
298 4774 445 4842 obediant,
461 4773 583 4847 insuper
603 4791 756 4846 nunquam
772 4777 827 4833 sub
852 4777 941 4834 divini

114 4864 221 4941 judicii
236 4863 430 4920 obtestatione
446 4863 669 4920 interminantes
688 4864 830 4935 jubemus
854 4871 942 4940 atque

118 4953 305 5030 precipimus
330 4956 362 5007 ut
386 4951 486 5008 nullus
501 4952 659 5025 imperator
673 4952 718 5008 vel
733 4969 791 5020 rex,
808 4955 867 5011 dux
892 4962 942 5012 aut

118 5043 259 5110 marchio,
275 5042 311 5097 de
325 5042 444 5114 prelata
455 5042 672 5097 consecratione
687 5042 716 5096 in
729 5041 827 5115 aliquo
842 5050 870 5101 tc
880 5049 941 5101 tuo·

118 5150 174 5206 que
189 5147 374 5188 successores
396 5131 499 5186 ledere
523 5137 693 5202 praesumat,
706 5132 757 5187 sed
774 5149 790 5188 a
805 5135 939 5205 prasenti

117 5222 232 5279 decima
246 5219 405 5276 indictione
425 5219 454 5275 in
476 5225 562 5276 antea
585 5220 728 5293 usquein
754 5227 937 5294 perpet-num,

117 5325 322 5384 quemcunque
333 5307 440 5382 eligere
449 5308 604 5377 voluerint,
617 5326 668 5382 per
680 5314 810 5365 nostram
824 5328 938 5368 conces·

152 5435 191 5507 (Ἰ)
205 5433 271 5490 Hac
287 5434 418 5490 lietberti
434 5434 510 5516 regis
527 5433 682 5516 promissio
699 5435 772 5491 torte
788 5438 938 5507 spectabat

116 5505 273 5562 divortium
290 5523 306 5562 a
321 5506 407 5561 Bcrta
421 5520 521 5578 regina
544 5522 599 5577 ips1
623 5505 714 5573 alfini,
732 5523 821 5579 quam
836 5513 937 5564 contra

115 5575 326 5634 ecclesiasticas
341 5575 455 5649 regales
470 5577 704 5649 desponsaverat.
718 5579 937 5636 centuariensis

998 4605 1065 4657 ante
1077 4596 1285 4664 maculaveras
1297 4595 1385 4651 homo
1394 4594 1423 4649 in
1432 4595 1489 4650 fine
1500 4592 1677 4650 seculorum
1685 4610 1823 4668 apparere

997 4689 1134 4762 dignatus
1156 4688 1210 4753 est,
1226 4683 1337 4757 ligandi
1359 4688 1446 4756 atque
1470 4681 1600 4739 solvendi
1615 4682 1646 4737 in
1662 4681 1737 4740 coelo
1752 4686 1782 4740 et
1794 4682 1822 4738 in

996 4781 1075 4834 terra
1089 4777 1262 4849 potestatem
1277 4771 1390 4840 tribuit,
1408 4771 1496 4828 etiam
1515 4771 1625 4843 januas
1639 4771 1724 4846 regni
1740 4770 1822 4828 coele·

997 4865 1050 4922 stis
1074 4862 1246 4920 reserandas
1265 4860 1419 4932 concessit,
1437 4876 1527 4932 supra
1549 4858 1731 4917 soliditatem
1755 4859 1821 4915 fidei

996 4947 1820 5024 sanctamstabilircdignatuscstEcolcsiam,secundum

995 5043 1075 5099 illius
1091 5041 1248 5098 veridicam
1263 5057 1373 5107 vocem,
1387 5039 1511 5094 dicentis
1522 5055 1529 5093 :
1542 5039 1585 5094 Tu
1607 5054 1639 5094 es
1664 5038 1779 5105 Petrus,
1793 5041 1821 5093 et

994 5151 1083 5206 super
1097 5132 1172 5187 lianc
1195 5134 1308 5203 petram
1328 5129 1477 5185 aditicabo
1497 5127 1657 5185 Ecclesiam
1674 5132 1821 5196 meamet

994 5226 1082 5295 porta
1097 5219 1189 5290 inferi¹
1198 5235 1255 5274 non
1267 5218 1466 5291 prevalebunt
1479 5218 1619 5273 adversus
1629 5233 1696 5272 eam
1710 5233 1717 5272 :
1730 5221 1760 5272 et
1769 5216 1820 5271 tibi

981 5312 1067 5388 ¹dabo
1076 5308 1170 5367 claves
1182 5307 1262 5381 regni
1272 5306 1426 5375 caelorum
1437 5311 1465 5362 ct
1476 5308 1674 5379 quodcunque
1685 5305 1819 5379 ligaveris

992 5435 1239 5507 archiepiscopus,
1271 5433 1307 5487 de
1328 5433 1413 5504 cujus
1438 5431 1640 5488 incolumitate
1672 5430 1817 5512 sollicitus

991 5513 1053 5566 erat
1067 5506 1204 5579 pontifex,
1222 5503 1346 5560 Elllicus
1362 5507 1416 5570 est,
1434 5504 1484 5575 qui
1500 5504 1574 5561 torte
1590 5507 1660 5559 tunc
1676 5507 1816 5575 temporis

991 5583 1186 5653 egrotaverat.
1810 5600 1813 5605 ·
