3900 6090
76 267 80 281 ’
162 296 247 399 aa*
290 296 294 303 ’

172 447 208 503 Ut
220 435 315 502 volvat
329 444 554 519 gnarnssubtili
571 427 648 500 sorte
664 447 796 509 senatus,

207 537 342 603 Causam,
358 533 498 609 terribilis
514 537 543 588 et
559 530 697 587 meritum
715 530 844 587 sceleris.

172 625 228 682 Sed
244 623 372 698 suadebo
388 637 510 676 manum
523 608 658 675 *dextram
676 623 703 675 te
718 620 830 692 tingere
846 622 971 688 tantum,

202 704 360 789 Prresdnti}
376 706 497 780 ly'mpha
507 706 645 762 lecticuli
661 706 776 778 gelida3

171 800 214 867 tu,
231 799 255 853 si
274 796 330 852 rien
346 797 444 877 subite
460 788 559 851 ‹lamni
577 795 647 866 quid
661 794 794 865 contigit,
810 811 878 866 erge

204 874 408 957 Ultra‘judicio
424 902 481 963 non
497 902 571 956 opus
587 889 631 938 est
646 883 713 938 alio.

168 980 260 1044 Quem
277 979 358 1042 tune,
376 973 442 1052 plus
453 970 546 1044 justo,
563 973 713 1026 conlidens
728 973 815 1027 corde
830 973 966 1043 sopierbe,

162 1084 168 1093 ·
204 1064 393 1120 Consertante
408 1078 493 1117 suam
509 1052 642 1116 daemone
658 1059 807 1127 duritiam,

126 1147 130 1154 ”
169 1153 271 1209 Funde
288 1151 429 1205 coriatam
448 1149 607 1204 oonrmittit
622 1147 748 1218 (licitique
763 1147 902 1220 palmam,

33 1250 37 1256 '
138 1275 142 1279 ·
193 1222 249 1295 -Nil
266 1255 389 1310 sperans
404 1225 504 1291 domni
520 1252 606 1307 posse
622 1235 678 1288 eibi
694 1235 765 1290 fieri.

168 1329 244 1385 ne
256 1328 339 1384 ¹Inter
353 1327 495 1399 frigoreas
510 1326 617 1380 ardens
633 1325 684 1380 sed
699 1323 842 1396 comperit
858 1325 963 1392 undas,

202 1409 498 1488 Quidfpessscneetri
512 1415 629 1469 dextera
640 1411 718 1469 celsa
732 1413 794 1468 Dei.

168 1505 285 1563 Scilicet
300 1504 329 1560 in
346 1503 474 1559 madidis
490 1504 586 1559 audax
600 1503 721 1558 ardebat
736 1502 843 1570 arenis,

96 1598 107 1613 ⁶
126 1606 131 1615 ¹
181 1586 184 1591 ’
202 1579 489 1671 ὓπίῑηηοιῇίΙηηιέηὶη
505 1592 610 1647 acriter
625 1590 778 1663 aequoreis,

167 1685 212 1753 ct,
248 1667 437 1761 nffd'p‘aieilicis
452 1668 565 1756 fastidit
580 1680 681 1735 cedere
692 1678 798 1745 verbis,

184 1755 714 1851 2Cogitur‹et}srfesstaderojustina.

171 1863 203 1930 0,
221 1845 337 1939 semper
352 1844 556 1915 nos'tnfse‘eilis
570 1857 694 1912 mutatio
708 1856 825 1925 Christi,

201 1950 234 2018 0,
255 1934 560 2019 virtuejostrjodieie
576 1963 658 2017 malua
674 1945 742 2000 Deit

113 2071 125 2085 ι
171 2041 244 2111 Nam
259 2023 479 2115 qure'jace'drrrle'
493 2035 576 2090 duxit
590 2051 621 2090 ec
634 2034 716 2090 triste
732 2034 867 2101 dolende,

201 2116 438 2201 sx'nssmdron‘ea
448 2110 592 2196 pellicula
608 2122 729 2179 aracos.

165 2204 332 2294 Nec'mera,
347 2230 422 2295 cum
431 2211 561 2285 palmam
579 2212 688 2279 retulit,
696 2213 772 2282 quod
784 2212 856 2268 sorte
867 2213 990 2285 negavit,

204 2288 466 2381 Pertayiterriderii
482 2300 614 2357 criminis
630 2301 782 2356 indicium.

168 2395 219 2451 llis
235 2376 425 2479 ita1dig'e‘stis,
443 2390 555 2464 pavitat
568 2408 652 2446 mens
666 2389 782 2447 conscia
797 2391 919 2460 fraudis,

205 2478 287 2539 Ultra
297 2479 352 2537 'nec
364 2481 428 2535 vitae
440 2497 508 2552 spes
524 2481 619 2536 suerat
634 2480 732 2535 venian.

174 2560 301 2647 Tantum
319 2574 398 2625 certa
413 2570 497 2637 niori,
514 2569 768 2641 corruptelamque
782 2569 865 2640 piari,

199 2652 316 2717 lethali
333 2674 418 2730 poena
433 2658 514 2713 ocios
530 2658 673 2730 apposita.

167 2750 222 2807 Sed
239 2747 332 2804 tristis
346 2748 480 2831 meritam
496 2746 603 2803 mentis
618 2747 802 2819 mitigaverat
815 2747 900 2815 iram,

204 2839 343 2910 Princeps
351 2824 528 2916 Gaugabas,
544 2835 653 2891 arbiter
668 2835 814 2908 egregius,

171 2916 509 3013 Mandansf'ut'plropria
523 2925 711 2981 damnandos
725 2923 849 2980 clericus
864 2940 932 2996 ergo

201 3010 351 3088 Expdlsiis'
361 3002 459 3094 silleito
473 3018 608 3086 pergeret
622 3031 637 3069 e
653 3013 759 3086 patria,

168 3110 230 3172 One
245 3122 300 3161 saa
314 3098 469 3160 fidetemue
484 3103 563 3158 mala
577 3103 696 3159 dederet
711 3103 881 3159 scelerosus.

202 3188 257 3249 de
271 3178 489 3275 'pulsdspatria
502 3196 546 3246 est
561 3195 589 3246 et
604 3191 691 3247 datos
705 3190 817 3258 exsilio,

165 3284 201 3339 llt
215 3280 461 3365 donat'miseram
477 3279 577 3346 venia,
595 3279 763 3348 miseratus,
780 3280 899 3347 honore,

152 3398 158 3415 ι
200 3369 483 3447 llltr'a'edd·‘preprio
500 3385 558 3422 non
574 3367 650 3423 locat
665 3368 695 3423 in
712 3368 853 3425 thalamo.

166 3461 234 3516 Post
248 3459 323 3539 haee,
336 3456 468 3536 Gangolfi
484 3458 564 3512 sama
580 3461 727 3513 crescente
742 3458 831 3528 beati,

203 3547 361 3625 Laudatrix
375 3545 439 3602 vitae
454 3562 519 3618 qum
533 3545 589 3601 snit
603 3545 747 3614 almificae,

166 3637 252 3711 Vaier
266 3621 405 3710 deceptor
420 3635 573 3691 hominum
589 3640 749 3708 captorque
764 3653 891 3705 reorum,

202 3720 448 3802 Evolvcirb'bilem
463 3723 578 3780 invidie
593 3729 732 3790 veterem,

172 3815 337 3873 Fraudibus
352 3812 518 3886 omnigenis
533 3813 660 3886 antiquar
675 3813 846 3871 calliditatis

203 3902 348 3973 lentavit,
365 3903 475 3959 samam
490 3919 631 3959 evacuare
646 3903 764 3971 bonam,

169 3995 211 4050 Ne
225 4008 310 4067 gens,
323 3991 455 4063 exemplo
470 3990 520 4047 tali
537 3995 677 4064 tantoque
692 4008 790 4061 suasa,

201 4085 277 4139 Ante
290 4081 419 4153 superba
433 4096 487 4135 sua
502 4079 576 4136 cella
590 4081 672 4137 daret
687 4081 816 4137 dominc.

172 4173 316 4242 Tempore
326 4174 397 4225 tnnc
412 4167 498 4242 longo
513 4169 630 4225 sudavit
642 4169 744 4226 fraude
759 4169 898 4243 maligna,

205 4249 321 4337 baed'e're
336 4258 483 4314 famosam
500 4273 552 4314 nec
567 4257 659 4314 valuit
674 4259 827 4328 duculum,

172 4348 206 4404 In
221 4346 384 4433 sole-agonia
399 4346 493 4402 multo
508 4347 602 4420 magis
616 4347 659 4404 vie
674 4349 764 4404 crevit
779 4349 888 4406 ameris

204 4436 288 4492 illiue
303 4435 404 4508 magni
420 4436 559 4491 cordibus
574 4435 602 4490 in
619 4436 731 4509 populi,

570 308 834 372 llllOTSUl'l‘ltAE
856 308 1054 371 nonianus
1077 302 1471 370 anbuttsltulttuNsls

1008 427 1036 511 'A
1087 442 1145 497 Nec
1161 439 1274 513 patitur
1288 435 1376 491 vitam
1392 440 1484 493 morte
1499 436 1594 509 perire
1610 451 1704 491 ream.

1804 300 1878 363 {⁰92

1052 531 1102 586 llis
1118 529 1233 602 ingrata
1246 525 1341 598 magis
1357 525 1435 581 socie
1450 525 1601 582 consensit
1615 525 1734 597 iniquo,

1086 617 1246 688 Servilique
1261 613 1331 686 lupa
1344 614 1441 669 uritur
1452 613 1591 687 igniculo.

1050 705 1292 778 Cumquepolnm
1309 700 1878 775 tegerettcnebrisncxconeciafraudis,

1085 795 1183 851 Sensit
1199 793 1366 847 darnnnnda
1381 796 1496 863 tempus
1512 791 1609 847 inesse
1626 791 1711 863 lupa,

1049 888 1110 950 Quo
1126 883 1201 939 male
1213 881 1387 954 Gangollum
1400 880 1721 952 possuntexstingucre
1730 882 1879 950 sanetum,

1086 975 1148 1028 llaec
1164 978 1192 1027 et
1208 987 1344 1044 perverso
1360 969 1477 1024 nuntiat
1492 969 1648 1043 armigero.

1048 1061 1113 1130 Qui,
1127 1078 1261 1118 resecans
1276 1076 1377 1115 coxam
1393 1059 1495 1115 stricte
1511 1074 1652 1115 mucrone
1677 1063 1844 1123 sacratam,

1084 1151 1181 1206 Sancti
1195 1147 1339 1221 Gangold,
1356 1147 1494 1219 martyris
1509 1147 1619 1217 oriani,

1048 1238 1182 1295 Deseruit
1197 1237 1334 1310 patriam,
1351 1235 1466 1308 fugiens
1482 1252 1548 1291 cum
1562 1235 1701 1307 conjuge,
1718 1235 1846 1302 claram,

1085 1330 1197 1400 ltaptus
1213 1342 1313 1383 amere
1328 1342 1387 1381 sua
1403 1324 1548 1381 indomito
1563 1323 1703 1379 domins.

1050 1418 1106 1474 Sed
1124 1434 1182 1473 nen
1199 1415 1303 1488 legalis
1316 1415 1404 1470 finem
1421 1418 1454 1469 ut
1468 1412 1590 1469 nescivit
1605 1412 1730 1480 ameris,

1082 1507 1130 1562 Sic
1144 1505 1275 1562 vindicta
1289 1520 1375 1559 suam
1391 1503 1486 1558 nescit
1500 1502 1608 1558 habere
1618 1517 1752 1569 meram,

1046 1596 1165 1651 Viscera
1180 1595 1231 1650 sed
1245 1592 1343 1650 subite
1359 1591 1489 1665 proludit
1503 1591 1627 1660 entitas,
1645 1594 1714 1648 acta

1083 1684 1198 1740 Pridem
1213 1681 1392 1753 laetitiaque
1408 1680 1525 1736 fuerant
1538 1679 1667 1748 tumida,

1047 1775 1152 1846 Sicque
1168 1772 1267 1838 misor,
1284 1769 1362 1826 celsa
1376 1773 1542 1842 prostratus
1556 1768 1675 1824 vindice
1690 1770 1800 1826 dextra

1081 1863 1148 1919 Vita
1164 1864 1321 1917 mercatam
1338 1857 1506 1931 perdiderat
1520 1857 1662 1914 Geneam.

1047 1954 1120 2008 Nam
1137 1955 1248 2022 martyr
1260 1952 1391 2016 sanctus,
1409 1947 1514 2003 furtive
1528 1945 1648 2002 vulnere
1664 1944 1772 2015 laesus,

1083 2042 1159 2098 Dum
1176 2038 1279 2095 mortis
1294 2041 1415 2109 gustum
1429 2035 1556 2092 ebiberet
1571 2035 1726 2108 rapidum,

1047 2131 1103 2186 Nec
1120 2146 1177 2185 nen
1193 2125 1339 2199 supremis
1355 2125 1484 2180 moriens
1499 2123 1624 2196 spiraret
1639 2123 1672 2178 in
1688 2121 1788 2190 horis,

1081 2218 1203 2276 Astabat
1217 2220 1308 2271 coetus
1324 2214 1460 2269 eominus
1476 2212 1636 2284 angelicos,

1046 2308 1121 2364 Vecc
1137 2307 1216 2362 ciens
1231 2302 1367 2360 stabilem
1382 2319 1489 2374 corpus
1505 2303 1652 2374 deponere
1667 2305 1792 2370 testem,

1081 2397 1255 2452 Contentum
1270 2392 1351 2449 venis
1368 2391 1456 2446 ssetile
1471 2388 1666 2463 languidulis,
1691 2402 1697 2409 ’

1046 2488 1120 2542 111
1138 2479 1868 2554 Necnon,angelicisblanditumsuaviterhymnis.

1081 2575 1147 2630 Mox
1162 2571 1226 2629 coeli
1242 2569 1332 2626 calles
1345 2585 1464 2642 carpere
1480 2568 1619 2624 sidereas.

1045 2663 1133 2720 Ocius
1148 2660 1298 2734 exspirans
1311 2658 1451 2727 animam,
1468 2652 1596 2729 martyr,
1606 2657 1682 2713 bene
1692 2656 1786 2714 lotam

1079 2751 1153 2824 Agni
1166 2749 1275 2805 lucenti
1291 2747 1433 2821 sanguine
1449 2746 1599 2819 purpurei,

1048 2840 1173 2897 Tollitur
1186 2856 1221 2894 ex
1235 2854 1317 2905 aura,
1333 2836 1507 2907 vehiturque
1521 2851 1574 2907 per
1588 2838 1671 2892 astra
1685 2853 1804 2905 serena,

1081 2931 1113 2986 ln
1129 2927 1194 2985 coeli
1211 2931 1296 3000 perta
1307 2924 1423 2982 sistitur
1437 2929 1467 2980 et
1480 2924 1616 2980 Domine.

1045 3021 1096 3076 llic
1111 3018 1167 3075 sibi
1183 3018 1218 3074 dc
1232 3016 1347 3072 Christo
1363 3016 1455 3071 fertur
1469 3030 1536 3070 mox
1550 3012 1653 3070 laurea
1667 3031 1748 3083 rara,

1079 3109 1115 3164 ut
1130 3106 1267 3163 manibus
1282 3103 1374 3160 bravii
1390 3102 1521 3175 palmula
1536 3103 1681 3175 perpetui,

1004 3187 1025 3253 C
1045 3195 1224 3268 Lucentique
1238 3193 1314 3249 stola
1328 3191 1431 3248 cuneis
1445 3190 1638 3263 conjungitur
1652 3191 1732 3247 albis

1079 3287 1134 3341 Per
1147 3284 1253 3339 vulnus
1264 3280 1322 3336 leti
1336 3297 1411 3353 ques
1426 3282 1506 3335 tenet
1519 3277 1588 3334 aula
1602 3279 1675 3350 poli.

1044 3374 1167 3430 Funeris
1180 3371 1293 3428 interea
1302 3369 1401 3443 magni
1416 3369 1451 3424 fit
1462 3383 1570 3441 pompa
1584 3369 1692 3440 puali,

1079 3463 1191 3519 Ornant
1205 3459 1349 3531 exsequier
1364 3473 1471 3530 corpus
1484 3460 1514 3512 et
1528 3455 1674 3511 exanime.

1045 3550 1226 3624 plangebant
1241 3547 1338 3603 cuncti
1354 3562 1455 3604 casnm
1469 3544 1601 3617 tantique
1613 3546 1747 3616 patroni,
1769 3538 1772 3543 ’

1082 3640 1177 3712 ipsius
1193 3636 1313 3694 famulis
1328 3635 1454 3692 maxime
1470 3635 1520 3690 sed
1536 3633 1650 3701 miseri,

1045 3729 1229 3802 llligiturqae
1243 3727 1325 3783 locus
1340 3723 1453 3781 tumulo
1468 3722 1598 3795 locuples
1612 3724 1796 3791 venerando,

1080 3822 1172 3886 Quem
1187 3817 1310 3873 tradunt
1324 3819 1435 3871 veteres
1447 3811 1494 3868 Nil
1508 3811 1635 3868 vocitare
1650 3817 1766 3885 patres.

1046 3908 1090 3965 Illi
1106 3905 1238 3980 Gangold
1254 3904 1419 3961 condebant
1433 3900 1568 3957 membra
1582 3901 1673 3968 beati,

1080 3998 1185 4054 Sacros
1200 3997 1371 4067 spargentes
1387 4007 1454 4048 curn
1470 3987 1606 4063 lacrymis
1620 3989 1751 4060 cineres,

1048 4087 1116 4143 Post
1127 4085 1188 4140 haee
1203 4100 1261 4139 non
1278 4097 1343 4137 rare
1357 4079 1515 4136 visitabant
1527 4094 1596 4135 ossa
1609 4083 1741 4148 saerata,

1083 4176 1249 4242 Ouerentes
1264 4176 1377 4227 eertum
1393 4168 1520 4242 denique
1532 4167 1720 4240 presidium.

1048 4265 1227 4321 Strenuntnr
1241 4276 1324 4317 sacro
1339 4272 1493 4331 procerum
1504 4271 1619 4329 quoquc
1635 4272 1765 4329 corpora
1780 4259 1871 4327 busto,

1085 4353 1139 4409 Pro
1153 4350 1218 4407 vita
1234 4348 1333 4405 causis
1347 4344 1496 4403 instabilis
1511 4345 1610 4401 variis.

1048 4444 1100 4497 Ast
1115 4441 1165 4513 qui
1181 4442 1296 4511 secptra
1310 4437 1569 4510 gerit,pr0stratus
1585 4450 1749 4505 marmore,
1761 4435 1871 4504 lambit,

168 4526 247 4582 1111
263 4524 991 4594 Postremofraudismiserumcircomdcditarmis,
1008 4559 1031 4624 D
1085 4531 1120 4586 Ει
1132 4529 1206 4584 libat
1217 4526 1331 4582 tumulo
1348 4523 1633 4580 oeculamarmoreo.

205 4617 307 4682 Quem,
325 4613 444 4669 sceleris
459 4630 559 4681 cauea,
572 4613 700 4686 reppulit
714 4631 729 4670 e
745 4615 849 4685 patria,

171 4702 331 4776 Sanguinis
346 4702 486 4774 huncque
501 4702 650 4773 sitijussit
667 4703 775 4758 servcrc
790 4704 919 4775 superbi,

204 4792 261 4848 Nee
278 4791 363 4847 scivit
380 4791 496 4864 proprio
512 4808 628 4862 parcere
639 4792 703 4861 jam
719 4791 847 4847 domino.

171 4880 234 4936 Tali
250 4881 383 4936 suffusus
399 4881 497 4935 subito
515 4897 582 4934 cum
598 4879 663 4935 l'elle
679 4880 822 4949 misellus,

126 4996 144 5046 '.
205 4970 236 5025 1η
253 4973 377 5025 mertem
389 4968 465 5040 justi
481 4972 585 5023 estuat
599 4973 687 5040 atquc
702 4969 755 5041 pii,

167 5062 220 5128 Ac,-
236 5058 321 5132 parili
338 5062 471 5130 repetens
486 5057 615 5113 (laneam
632 5058 745 5114 scritate
758 5058 928 5131 malignam,

206 5147 249 5204 llli
265 5148 387 5203 nudavit
400 5146 501 5202 omnia
515 5163 579 5218 qua
596 5147 719 5202 studuit.

169 5237 256 5292 Ocius
272 5236 345 5305 hmo,
360 5237 424 5307 ejus
440 5235 548 5308 pravis,
567 5234 622 5290 heu
636 5233 642 5286 1
660 5235 778 5290 subdita
791 5236 876 5304 votis,

205 5326 330 5398 Optavit,
347 5324 509 5395 eitiusjam
528 5324 589 5378 lieri
607 5323 733 5393 lacinus,

169 5414 275 5470 Tendit
290 5418 317 5468 et
333 5413 456 5469 insidias
468 5414 551 5485 justo
563 5412 639 5468 clam
656 5429 761 5484 nempe
776 5413 927 5485 nefandae,

205 5503 363 5560 Immemor
378 5501 516 5574 antiquar,
531 5500 607 5558 vahl
624 5501 742 5574 penitus
754 5503 856 5574 verrin,

171 5580 278 5674 Quales
294 5593 329 5650 de
344 5607 431 5672 poena
445 5591 530 5650 solvit
540 5591 672 5672 jamrite
686 5591 828 5674 paranda,

1047 4621 1177 4686 Manere,
1194 4631 1257 4689 spe,
1272 4614 1360 4671 dictis
1374 4613 1548 4685 recogitans,
1563 4627 1620 4684 quc
1637 4615 1784 4686 martyris
1807 4612 1872 4670 almi

1082 4709 1136 4764 Pro
1152 4704 1265 4762 meritis
1277 4703 1412 4759 Christus
1427 4701 1466 4758 sit
1482 4701 1537 4756 sibi
1553 4701 1713 4773 propitius.

1046 4797 1121 4864 Quid
1137 4795 1260 4851 reseram
1277 4793 1394 4848 turbam
1410 4791 1511 4861 templi
1529 4806 1580 4862 pre
1595 4789 1701 4847 limine
1712 4792 1837 4862 jactam,

1082 4884 1191 4952 Quidve
1205 4882 1309 4954 loquer
1323 4885 1390 4936 vota
1403 4880 1483 4935 illius
1497 4878 1680 4935 innumera?

1048 4978 1112 5031 ileo
1127 4977 1204 5030 certe
1220 4970 1320 5026 nullus
1337 4969 1412 5042 potis
1428 4976 1473 5024 est
1485 4968 1696 5039 comprendere
1710 4987 1830 5035 mneos,

1082 5065 1141 5119 nee
1155 5046 1280 5135 possein
1295 5059 1362 5115 ullae
1377 5058 1472 5114 eicere
1487 5055 1634 5112 itinerum.

1048 5155 1083 5209 tlt
1097 5155 1199 5208 centra
1213 5165 1281 5205 vero
1295 5147 1380 5204 testis
1395 5144 1596 5219 prosperimns
1610 5144 1685 5218 ipsis

1085 5238 1222 5313 Largitur
1237 5237 1305 5293 talis
1319 5252 1444 5292 munera
1458 5233 1634 5303 dulcedinis,

1048 5330 1150 5386 Omnis
1167 5332 1199 5383 ut
1214 5328 1324 5398 absque
1335 5342 1419 5381 mora
1433 5323 1601 5395 semitiora
1609 5328 1868 5397 prosperaeuncta,

1082 5417 1254 5490 llltlagitant
1268 5418 1372 5471 tentem
1389 5430 1440 5486 pre
1456 5412 1565 5486 quibus
1578 5413 1746 5487 egregium,

1047 5509 1099 5566 llic
1110 5510 1188 5563 certe
1202 5504 1268 5561 lete
1283 5503 1368 5560 caecis
1381 5503 1446 5559 visu
1462 5506 1607 5574 reparate,

1084 5595 1187 5659 Haurit
1201 5609 1269 5663 mcx
1283 5591 1376 5656 acatis
1391 5590 1517 5653 fulmina
1530 5590 1610 5654 ctera
1624 5590 1700 5674 suis,
