3900 6090
121 236 182 301 aar
656 243 772 306 LIBER
792 244 844 306 uu
865 243 1046 307 CORPORE
1069 244 1119 306 br
1140 245 1308 311 CHRISTI.
1769 258 1830 322 382

456 374 534 431 lteetr
547 372 626 447 fider.
967 379 1138 447 tollentur.
1156 379 1196 435 De
1211 380 1322 438 incensi
1335 381 1398 440 icco
1414 384 1548 442 sacerdos
1560 391 1661 445 mutus
1671 389 1828 461 egreditur.

164 460 274 518 Statio
290 461 344 518 hoc
360 463 553 537 intelligentia
565 466 621 520 linc
631 467 851 522 vorborumlist
861 466 952 523 Filius
1006 465 1169 522 toanncsin
1180 485 1277 524 vocem
1287 471 1383 528 adhuc
1393 476 1475 529 utero
1484 475 1831 535 matrisdctentuscrum·

125 552 165 607 ab
180 568 214 606 co
230 551 313 607 Patre
329 553 378 624 qui
393 557 448 609 cst.
466 553 639 626 Unigenitus
655 556 690 610 ab
707 556 951 628 ingenitoproge-
1007 555 1059 626 pit.
1077 555 1197 613 Mariam
1209 559 1331 632 angelus
1344 561 1630 628 benedicit,matrcm
1639 565 1702 621 Filii
1715 567 1763 623 Dei
1773 569 1829 624 vir-

125 641 192 697 nies
207 658 224 696 a
239 645 369 713 parente,
386 642 468 696 rivus
484 660 500 696 a
515 643 588 698 vivo.
606 643 642 698 Ut
667 644 760 699 Patris
783 643 842 698 vite
861 645 890 698 in
907 661 952 698 se·
1006 644 1104 716 ginem
1118 645 1280 716 pollicetur.
1297 649 1349 705 llla
1362 650 1537 724 virginitatis
1550 671 1610 709 sure
1621 657 1831 723 conscin,dilti-

126 731 265 801 metipso,
282 730 322 784 iia
336 733 365 784 ct
381 729 452 785 Filio
467 731 535 785 data
550 736 594 785 ost
605 732 664 786 vita
676 732 706 786 in
718 733 953 804 semetipsol‘er-
1007 732 1114 788 euitatc
1125 734 1192 789 laeti
1202 741 1546 811 commovetur.hngelrrs
1557 743 1582 797 ci
1593 744 1830 801 efficientiaindi·

126 819 222 874 lectus
237 835 254 872 a
271 818 407 890 perlecto,
424 820 494 890 quia
510 824 617 874 totusa
631 821 773 875 toto.Nca
785 821 953 888 divisio,aut
1006 820 1079 875 rinae
1094 823 1272 894 operationis
1286 828 1419 898 exponit;
1432 830 1472 884 ait
1487 831 1580 887 enim:
1593 833 1712 904 Spiritus
1722 845 1830 893 secretus

125 906 275 971 discissio,
292 906 361 976 quia
373 906 447 960 alter
462 907 490 959 iu
508 906 641 973 altercat
655 905 805 977 plenitudo
820 907 954 962 divinita·
1006 912 1176 981 superveniet
1192 914 1220 966 in
1236 922 1270 983 te,
1285 923 1311 970 rt
1324 918 1409 970 uirtus
1428 918 1562 975 Atrinum·
1585 922 1755 980 oburntrotit
1769 926 1828 981 tilii.

125 992 204 1047 tisin
216 992 286 1047 Filio
297 997 352 1047 cst.
371 992 721 1064 incomprehensibilisab
731 994 952 1066 incomprehcu·
1007 998 1133 1070 Spiritus
1149 1007 1270 1057 sanctus
1285 1003 1411 1075 desuper
1424 1005 1542 1061 veniens
1557 1007 1684 1080 Virginis
1695 1009 1832 1068 interiora

125 1081 219 1136 sibili.
235 1081 320 1136 Novit
334 1081 411 1136 cuim
428 1097 513 1136 nemo
529 1082 586 1137 nisi
605 1080 900 1138 iaviccmdnvisibilis
916 1083 951 1137 ab
1007 1087 1209 1157 sanctificavit,
1225 1091 1293 1146 etin
1309 1091 1356 1148 his
1372 1092 1497 1164 spirans,
1510 1095 1561 1166 qui
1573 1096 1622 1152 ubi
1632 1098 1694 1153 vult
1704 1100 1831 1172 Spiritus

125 1169 280 1238 invisibili,
296 1170 366 1243 quia
381 1170 477 1242 imago
493 1170 543 1226 Dei
555 1170 711 1226 invisibilis
721 1175 775 1238 est,
785 1176 813 1226 ct
823 1170 953 1242 quiaqai
1007 1175 1109 1248 spirat,
1127 1182 1237 1233 naturae
1254 1197 1285 1235 se
1300 1180 1437 1237 humana
1452 1183 1549 1239 carnis
1564 1184 1735 1243 immiscuit.
1752 1190 1787 1244 Et
1801 1189 1830 1246 id

123 1261 202 1315 vidit
223 1259 338 1326 Filium,
355 1259 428 1313 vidit
448 1262 476 1313 ct
491 1259 615 1314 Putrem.
632 1258 713 1315 Alius
738 1260 773 1314 ab
798 1260 867 1330 alio,
883 1260 953 1331 quic
1007 1266 1085 1337 quod
1112 1265 1240 1322 alienum
1256 1285 1273 1323 a
1288 1285 1318 1324 sc
1333 1274 1404 1336 crat,
1421 1269 1448 1324 ri
1463 1289 1518 1327 sua
1541 1289 1574 1328 ac
1601 1279 1745 1346 potestate
1759 1294 1830 1349 prae·

125 1349 214 1405 Pater
227 1352 256 1404 et
272 1347 373 1404 Filius.
390 1347 452 1403 Non
470 1352 576 1403 natura
591 1348 755 1404 divinitatis
770 1347 827 1403 alia
842 1353 869 1404 et
884 1347 951 1413 alia,
1006 1353 1144 1426 sumpsit.
1161 1357 1255 1427 Atque
1271 1361 1304 1413 ut
1319 1375 1354 1413 nc
1369 1359 1439 1426 quid
1455 1376 1507 1432 per
1521 1360 1750 1421 imbecillitatem
1775 1365 1831 1421 hu·

125 1439 199 1511 quia
215 1438 301 1494 ambo
317 1453 420 1492 unum.
437 1436 739 1494 pensaurensem
753 1437 953 1509 ingenitoDco
1007 1442 1087 1497 mani
1102 1444 1233 1515 corporis
1248 1444 1411 1515 dissideret,
1422 1447 1515 1503 virtus
1530 1449 1665 1506 altissimi
1682 1451 1830 1525 Virginem

127 1525 299 1600 unigenitus
314 1526 401 1582 Deus.
413 1525 476 1581 Non
492 1526 532 1581 dii
544 1525 670 1592 duo,scd
681 1543 759 1581 unus
772 1527 807 1581 ab
817 1525 952 1581 unc.Non
1007 1530 1174 1599 obumbrat,
1186 1532 1386 1590 infirmitatem
1402 1536 1466 1606 ejus
1476 1536 1557 1592 velut
1567 1555 1618 1610 per
1630 1540 1765 1597 umbram
1775 1542 1831 1598 cir·

125 1615 252 1688 ingeniti
277 1616 346 1683 duo,
361 1613 432 1687 quia
455 1618 542 1671 natus
566 1619 610 1670 cst
634 1615 670 1671 ab
695 1616 805 1670 innato.
821 1613 901 1670 Alter
916 1614 952 1670 ab
1007 1619 1174 1675 cumfusum
1189 1621 1414 1691 eonlirmans,ut
1425 1626 1460 1680 ad
1476 1627 1670 1683 sementinam
1686 1629 1831 1687 inceuntis

124 1705 217 1762 altero
233 1704 306 1761 nihil
321 1703 469 1772 differens,
486 1704 556 1776 quia
569 1703 628 1759 vita
641 1704 765 1759 viventis
775 1704 806 1758 in
820 1703 883 1758 vivo
896 1707 950 1759 est.
1007 1707 1134 1779 Spiritus
1150 1708 1310 1766 efficaciam
1330 1712 1527 1768 substantiam
1538 1715 1716 1787 corporalem
1727 1717 1831 1775 divinas

122 1795 189 1852 Haec
204 1795 241 1850 de
257 1797 363 1850 natura
378 1792 540 1849 divinitatis
554 1791 716 1866 attigimus,
729 1808 786 1849 non
803 1808 951 1848 summam
1007 1795 1123 1853 virtutis
1137 1795 1320 1855 inumbratio
1344 1804 1528 1873 temperaret.
1545 1803 1610 1858 lime
1633 1807 1831 1878 conceptionis

121 1882 324 1956 intelligentia
354 1881 644 1955 comprehendentes,
676 1883 725 1938 scd
756 1879 951 1953 intelligentes
1005 1889 1051 1941 cst
1064 1885 1203 1958 dignitas.
1220 1885 1380 1944 Videamus
1396 1893 1522 1961 partum,
1539 1891 1669 1964 vagitum
1684 1899 1714 1950 et
1726 1910 1829 1964 cunas,

120 1990 187 2030 asse
203 1970 516 2044 incomprehensibilia
530 1988 594 2043 que
604 1970 771 2043 loquamur.
1005 1971 1134 2046 dignitas
1149 1991 1213 2046 quac
1225 1979 1376 2054 sequatur.
1387 1978 1529 2050 Loquitur
1539 1981 1574 2034 ad
1588 1981 1697 2054 loseph
1708 1984 1831 2057 angelus

155 2062 224 2118 Cae.
240 2059 301 2117 Vll.
318 2090 353 2100 -
368 2059 405 2116 De
417 2059 472 2131 filii
487 2060 535 2114 Dei
550 2062 722 2131 generatione
736 2076 771 2115 ea
784 2067 881 2115 nuatre.
1006 2061 1167 2134 parituram
1183 2063 1344 2137 Virginem,
1359 2069 1477 2135 etcum,
1495 2069 1544 2140 qui
1562 2074 1649 2126 natus
1668 2071 1765 2142 suerit,
1781 2091 1830 2130 vo-

158 2149 287 2207 Humani
298 2153 397 2205 autem
412 2147 527 2221 generis
543 2165 633 2204 causa
648 2149 699 2204 Dei
715 2148 805 2204 Filius
817 2153 905 2204 natus
916 2165 950 2204 cx
1005 2153 1132 2207 candum
1148 2153 1380 2226 Emmanuelem,
1396 2155 1424 2212 id
1441 2160 1487 2213 cst
1499 2173 1505 2211 :
1516 2158 1662 2215 Noluerint
1676 2162 1831 2220 DeuaPro

121 2239 244 2313 Virgine
258 2244 313 2306 est,
325 2242 354 2295 et
365 2236 476 2310 Spiritu
491 2242 591 2293 sancto
603 2237 667 2311 ipso
678 2237 735 2294 sibi
746 2238 776 2292 iu
788 2238 843 2294 hac
852 2254 950 2311 opera·
1005 2239 1112 2296 clamat
1127 2241 1253 2313 Spiritus
1269 2260 1321 2315 per
1334 2245 1516 2317 prophetam.
1529 2247 1657 2321 Angelus
1672 2251 1757 2307 testis
1773 2257 1828 2322 cst,

122 2331 202 2385 tione
219 2327 380 2384 tumulante
390 2331 419 2382 et
429 2343 483 2381 sua
493 2325 627 2383 videlicet
638 2327 688 2383 Dei
700 2327 887 2383 inumbrante
896 2327 950 2381 vir·
1004 2328 1082 2385 Deus
1097 2329 1250 2386 nobiscum
1263 2337 1308 2388 est
1322 2331 1370 2388 ilie
1382 2334 1433 2405 qui
1449 2335 1589 2392 nascitur.
1607 2338 1719 2395 Novum
1735 2342 1830 2415 magis

123 2422 187 2474 tuto
201 2416 332 2490 corporis
348 2415 404 2473 sibi
421 2414 505 2471 initia
519 2415 669 2484 conscivit,
678 2421 707 2471 et
721 2415 839 2471 exordia
853 2415 950 2472 carnis
1004 2415 1040 2470 de
1055 2415 1126 2471 cmlo
1142 2416 1231 2473 stellae
1246 2417 1346 2476 lumen
1361 2421 1530 2490 chartacei
1545 2425 1609 2480 coeli
1625 2426 1783 2484 Dominum
1793 2431 1829 2486 si·

126 2506 269 2573 instituit,
286 2509 319 2561 ut
332 2505 419 2561 homo
434 2504 530 2559 luctus
546 2521 581 2560 ex
594 2504 713 2577 Virgine
728 2509 863 2560 naturam
879 2504 908 2559 in
919 2521 949 2560 sc
1004 2520 1095 2577 gnum
1111 2505 1225 2562 caeleste
1237 2510 1569 2583 prosequitur.hngclus
1581 2517 1747 2586 pastoribus
1758 2536 1830 2574 nun-

123 2596 224 2651 carnis
237 2595 391 2667 acciperet,
403 2609 511 2666 perque
526 2593 616 2665 hujus
631 2594 816 2650 admistionis
827 2593 948 2650 socicta-
1003 2592 1057 2648 liat
1067 2599 1169 2650 natum
1180 2596 1328 2652 Christum
1340 2599 1467 2667 Domini,
1475 2600 1601 2658 satutem
1613 2605 1827 2664 universorum.

124 2691 183 2741 tem
200 2684 417 2741 sanctiticatam
442 2683 471 2737 in
486 2699 519 2738 eo
536 2682 663 2738 universi
687 2683 802 2756 generis
826 2682 949 2738 humani
1004 2682 1161 2741 Multitudo
1176 2686 1321 2742 exercitus
1336 2687 1462 2745 cmlestis
1487 2689 1517 2745 in
1542 2690 1659 2748 laudem
1683 2698 1828 2769 puerperii

123 2793 232 2848 eorpus
255 2775 400 2830 existeret.
417 2772 454 2828 Ut
471 2773 719 2844 quemadmodum
746 2788 849 2829 omnes
872 2772 901 2826 in
917 2788 948 2827 sc
1003 2775 1161 2841 concurrit,
1177 2778 1205 2829 et
1229 2776 1302 2831 tanti
1328 2776 1424 2848 operis
1449 2780 1593 2849 preconia
1617 2780 1706 2838 divini
1735 2790 1828 2844 eoetus

123 2864 215 2936 perid
231 2863 310 2935 quod
326 2878 498 2934 corporeum
509 2877 540 2916 se
551 2860 643 2916 voluit
654 2877 728 2930 esse,
741 2861 948 2928 conderentur,
1003 2862 1111 2933 gaudia
1126 2862 1314 2934 eloquuntur.
1331 2864 1429 2921 Gloria
1449 2867 1554 2923 deinde
1570 2867 1599 2923 in
1615 2867 1695 2926 eoelis
1715 2872 1785 2942 Deo,
1798 2877 1828 2930 ct

122 2953 161 3008 ita
176 2968 297 3008 rursum
314 2953 343 3008 in
360 2967 462 3007 omncs
477 2951 539 3022 ipse
555 2967 606 3023 per
617 2950 646 3006 id
657 2952 735 3023 quod
747 2951 811 3022 ejus
823 2948 948 3005 cstiuri·
1003 2966 1058 3022 pax
1073 2949 1103 3005 ia
1120 2955 1196 3006 terra
1207 2951 1378 3009 hominibus
1391 2955 1473 3010 bonae
1489 2955 1647 3014 voluntatis
1661 2959 1824 3018 nuntiatur.

121 3041 207 3098 sibile
221 3040 388 3096 referretur.
406 3039 457 3096 Dei
473 3039 564 3113 igitur
577 3040 674 3112 imago
688 3038 844 3096 invisibilis
859 3039 949 3111 pudo·
1001 3039 1117 3095 Adsunt
1131 3039 1235 3096 deinde
1249 3041 1338 3114 magi,
1355 3042 1517 3100 involutum
1530 3046 1636 3118 pannis
1650 3049 1782 3118 adorant,
1798 3053 1827 3106 et

120 3146 180 3186 rem
196 3127 321 3184 humani
337 3127 448 3184 exordii
469 3144 526 3182 non
548 3127 702 3183 recusavit.
719 3129 754 3183 ut
767 3144 819 3200 per
841 3143 946 3185 conce·
962 3118 984 3187 C
1002 3128 1155 3200 postillam
1165 3129 1398 3187 inanisscicntiae
1409 3150 1468 3188 sua
1480 3151 1617 3191 arcanam
1627 3136 1826 3209 operationem

122 3218 263 3291 ptionem,
280 3221 410 3290 partum,
424 3215 555 3289 vagitum
571 3220 601 3272 et
611 3232 713 3284 cunas,
723 3233 825 3272 omncs
835 3221 947 3272 naturae
1002 3215 1096 3288 posito
1111 3216 1141 3272 in
1156 3217 1240 3274 cunis
1255 3235 1331 3293 genu
1347 3220 1478 3276 flectunt.
1490 3221 1538 3279 Sic
1552 3239 1603 3295 per
1618 3241 1720 3298 magos
1735 3243 1824 3284 cuna·

121 3311 228 3363 nostrae
243 3304 438 3362 contumelias
453 3304 679 3360 transcucurrit.
691 3304 893 3370 Ouidiandcm
903 3305 947 3360 di·
1001 3321 1068 3360 rum
1084 3307 1186 3363 sordes
1200 3308 1369 3376 atterantur,
1386 3309 1428 3365 sic
1442 3310 1557 3384 vagitus
1579 3329 1630 3385 per
1653 3315 1825 3389 angelorum

121 3394 611 3470 gnumanobistantredignationis
622 3395 737 3449 attactui
752 3395 948 3467 rependetur?
1001 3391 1099 3446 divina
1113 3394 1221 3464 gaudia
1241 3394 1432 3452 honorantur.
1448 3397 1495 3454 Sic
1519 3401 1616 3471 partui
1639 3403 1825 3475 proclamans

122 3483 421 3542 inenarrabilisalleo
430 3484 552 3557 originis
567 3500 645 3539 unus
655 3483 823 3555 unigenitus
831 3483 946 3540 Deusin
1001 3481 1232 3553 perprcphctam
1243 3483 1825 3563 Spiritus,etidipsumangelisnuntians

123 3572 290 3648 corpusculi
305 3572 426 3628 humani
443 3573 567 3627 formam
588 3574 695 3627 sancire
719 3570 848 3644 Virginis
863 3576 946 3628 utero
1000 3573 1029 3624 et
1044 3586 1123 3624 aava
1137 3570 1211 3626 lucis
1227 3571 1311 3628 stella
1325 3574 1495 3630 tumulatur.
1512 3576 1559 3632 Sic
1574 3577 1658 3634 initia
1684 3582 1824 3638 nascendi

123 3660 469 3726 inscrtusaccrescit.0ui
480 3659 762 3728 omniaconlinct,et
772 3661 849 3716 intra
859 3677 946 3732 quom
1001 3657 1128 3728 Spiritus
1144 3663 1265 3715 sanctus
1280 3661 1534 3732 supervenienset
1544 3665 1719 3724 inumbrans
1730 3670 1823 3726 virtus

122 3757 149 3808 et
160 3770 216 3825 per
229 3768 318 3825 quem
333 3753 437 3806 cuncta
452 3756 533 3818 sunt,
551 3750 672 3806 hunrani
690 3753 791 3822 partus
806 3748 869 3822 lege
880 3766 945 3821 pro·
999 3745 1142 3802 ditissimi
1155 3745 1284 3802 molitur.
1299 3748 1382 3804 Aliud
1399 3749 1582 3824 intelligitur,
1595 3753 1674 3810 aliud
1690 3755 1821 3826 videtur;

122 3840 222 3897 lertur.
237 3841 274 3896 st
289 3839 326 3895 ad
341 3841 426 3913 cujus
440 3856 540 3894 vocem
556 3838 651 3911 angeli
668 3843 755 3910 atque
778 3837 945 3909 archangeli
1000 3835 1079 3891 aliud
1096 3836 1199 3903 oculis,
1215 3835 1295 3892 aliud
1312 3837 1409 3893 animo
1424 3839 1613 3912 conspicitur.
1631 3843 1708 3898 Parit
1723 3844 1821 3917 Virgo,

120 3933 261 3997 immuni,
275 3927 391 3994 coelum,
406 3931 435 3983 ct
449 3932 536 3993 terra,
558 3932 587 3983 ct
602 3926 702 3982 onmia
727 3927 828 3981 mundi
855 3925 945 3999 hujus
1000 3927 1102 3995 partus
1118 3942 1135 3979 a
1149 3925 1207 3980 Deo
1222 3930 1275 3981 cst.
1293 3926 1392 3983 lalans
1407 3928 1494 4000 vagit,
1505 3928 1660 3986 laudantes
1671 3932 1764 4005 angeli
1775 3951 1824 3989 au-

121 4016 265 4075 elcmenlu
281 4014 472 4084 resolventur,
488 4016 588 4088 vagitu
604 4014 733 4070 infantiae
749 4015 876 4070 auditur.
891 4016 944 4082 Oui
1000 4011 1095 4068 diunt.
1112 4012 1218 4068 Pennis
1233 4015 1340 4081 sordet,
1357 4015 1434 4071 Deus
1449 4017 1598 4073 adoratur.
1612 4019 1655 4074 lta
1670 4023 1823 4091 potestatis
1848 4056 1851 4063 ‚

120 4105 275 4163 invisibilis
284 4109 312 4160 ct
323 4103 627 4178 incomprehensibilis
637 4107 692 4172 est,
701 4120 758 4159 non
769 4103 843 4171 visu,
857 4121 943 4160 sensu
1001 4100 1130 4173 dignitas
1140 4118 1197 4157 non
1209 4102 1364 4171 amittitur,
1372 4105 1443 4160 dum
1454 4105 1552 4163 ὓᾶΐῐῐῑθ
1562 4106 1713 4165 humilii&
1724 4111 1824 4167 adffl-

119 4200 258 4268 taetuque
275 4195 483 4262 moderandus,
501 4194 585 4249 cunis
600 4197 645 4248 est
661 4192 826 4249 obvolutus.
843 4193 908 4249 Hac
919 4195 943 4249 si
999 4193 1057 4245 tur.
1071 4190 1223 4246 Paratiam
1233 4195 1278 4246 est
1288 4190 1405 4263 reliquae
1416 4210 1521 4250 cursus
1531 4195 1642 4263 aetatis;
1655 4213 1722 4252 nam
1733 4214 1821 4254 omne

118 4285 182 4357 quis
197 4284 324 4357 indigna
336 4283 394 4339 Deo
410 4281 527 4351 recolet,
544 4286 625 4338 tauto
642 4298 672 4338 sc
687 4282 790 4352 majori
812 4282 944 4338 beneficii
999 4283 1115 4351 tempus
1132 4282 1208 4352 quod
1225 4280 1255 4336 in
1268 4280 1385 4337 bomine
1395 4283 1464 4356 egit,
1476 4284 1526 4339 Dei
1538 4286 1676 4357 operibus
1686 4287 1819 4360 explevit.

118 4372 278 4430 obnoxium
292 4371 491 4440 confitebitur,
508 4374 618 4444 quanto
634 4370 733 4426 minus
743 4370 802 4425 hac
814 4370 865 4425 Dei
875 4387 944 4426 con·
999 4367 1040 4424 Dc
1055 4368 1181 4440 singulis
1197 4374 1294 4425 aulem
1309 4388 1366 4426 uon
1377 4376 1422 4428 est
1432 4376 1549 4445 tempus
1560 4374 1683 4431 edicere.
1694 4377 1822 4434 Tantum

118 4461 251 4518 uenerint
264 4461 422 4533 majestati.
439 4461 503 4516 Non
516 4458 565 4516 illc
580 4460 661 4533 eguit
675 4459 762 4515 homo
787 4460 874 4527 ellici,
891 4477 980 4554 pch
998 4455 1070 4512 illud
1087 4458 1117 4513 in
1128 4457 1271 4514 universis
1280 4459 1422 4516 virtutum
1433 4466 1461 4516 et
1471 4462 1657 4520 curationum
1665 4465 1822 4537 generibus

119 4567 203 4623 quem
220 4548 310 4607 bomo
327 4548 422 4605 iactus
434 4552 489 4604 est.
507 4548 563 4604 Sed
588 4565 643 4605 nos
665 4548 800 4621 eguimus
816 4553 849 4604 ut
864 4547 942 4605 Deus
998 4547 1196 4602 contuendum
1211 4546 1298 4604 estin
1315 4547 1411 4605 carnis
1433 4550 1635 4622 assumptione
1659 4551 1820 4624 hominem,

120 4655 181 4697 earo
196 4639 284 4696 tieret
297 4641 327 4695 et
341 4637 487 4694 babitaret
502 4637 532 4692 in
548 4635 673 4702 nobis,id
686 4641 730 4692 est
740 4638 942 4710 assumptione
995 4635 1088 4690 Deum
1102 4652 1169 4692 vero
1184 4637 1213 4691 in
1229 4638 1320 4710 gestis
1336 4638 1423 4693 rebus
1440 4639 1572 4694 existere.

120 4728 213 4787 amia
229 4727 320 4784 unius
334 4727 476 4783 universae
489 4725 586 4783 carnis
601 4724 873 4783 interneincolcret.
885 4726 941 4782 Hu·
995 4759 1062 4815 CM,
1079 4759 1154 4815 vm·
1172 4793 1203 4802 -
1219 4763 1365 4818 Dominum
1379 4770 1503 4818 nostrum
1515 4763 1608 4818 Imm
1623 4764 1820 4838 Christum?

121 4817 226 4874 militas
249 4817 316 4889 ejus
340 4819 440 4873 nostra
455 4813 591 4870 nobilitas
609 4817 664 4881 est,
681 4813 857 4871 contumelia
876 4815 939 4887 ejus
1030 4839 1198 4903 mmmm
1211 4848 1322 4888 mmm
1335 4834 1500 4888 nmmum
1513 4850 1624 4890 ,mmm
1644 4837 1673 4890 g„
1687 4837 1777 4902 ,mg-5,
1793 4845 1820 4894 et

119 4903 207 4964 honor
216 4909 319 4962 noster
328 4909 381 4961 cst.
391 4904 472 4971 Quod
483 4902 533 4958 illc
543 4901 658 4958 Deusin
667 4919 754 4958 carne
764 4902 937 4973 consistens,
1028 4920 1078 4958 arra
1091 4919 1141 4986 per
1151 4905 1347 4976 perceptiones
1363 4906 1482 4976 eorporis
1493 4912 1518 4960 ct
1531 4908 1675 4976 sanguinis
1687 4908 1745 4978 aaa
1759 4925 1818 4963 rno-

119 4991 165 5050 boc
180 5012 238 5051 nos
252 4991 384 5049 vicissim
400 4991 430 5047 in
444 4992 536 5049 Deum
548 5008 581 5047 ex
591 5008 678 5047 earne
693 4991 890 5049 renovatiScd
903 5011 938 5049 ae
1028 4991 1093 5030 'WB
1107 4992 1137 5030 m
1151 4992 1192 5031 2⁰·

118 5081 182 5142 torte
194 5083 351 5140 detineant
364 5081 553 5154 scrupulosas
568 5080 712 5135 mentium
735 5081 936 5153 cogitationes,
1028 5080 1058 5135 Si
1074 5096 1139 5134 vere
1154 5079 1282 5135 Verbum
1297 5096 1364 5134 caro
1380 5081 1487 5134 lactum
1504 5084 1557 5144 cst,
1568 5085 1670 5137 ctverc
1682 5100 1735 5138 nos
1746 5083 1817 5140 Ver-

117 5172 339 5245 cuare,vagitus,
351 5176 453 5243 partus
464 5175 550 5242 atquc
561 5168 939 5245 conceptio;recolendaest
992 5169 1064 5224 bum
1075 5185 1193 5223 earnem
1204 5167 1268 5222 cibo
1277 5166 1426 5222 bourinico
1439 5167 1596 5233 saraimus,
1604 5171 1750 5240 quomodo
1759 5190 1817 5228 non

71 5252 73 5293 ¹
117 5259 139 5315 in
152 5259 284 5334 singulis
299 5260 349 5316 Dei
366 5259 503 5333 dignitas,
522 5263 554 5313 ut
566 5258 724 5313 voluntatis
739 5257 936 5313 hirniilitatorn
993 5254 1165 5312 naturaliter
1180 5272 1296 5309 iriancre
1311 5254 1339 5308 in
1351 5255 1436 5311 nobis
1446 5255 1660 5313 existimandus
1669 5260 1777 5331 estqui
1788 5265 1817 5316 ct

115 5349 266 5420 micantis
275 5348 398 5405 ambitio
408 5348 561 5420 praecedat,
570 5363 622 5402 nec
632 5347 830 5418 dignationem
842 5347 937 5419 digni·
993 5350 1128 5400 naturam
1138 5343 1234 5398 carnis
1244 5343 1416 5413 noslrrejam
1429 5343 1652 5416 inseparabilem
1661 5345 1715 5402 sibi
1728 5347 1816 5404 honio

115 5440 154 5495 las
167 5437 368 5509 ‹lerelinquat
383 5437 543 5493 Videamus
555 5436 645 5510 igitur
654 5453 718 5508 qua
729 5436 789 5491 sint
800 5436 939 5507 mysteria
993 5438 1080 5490 natus
1088 5430 1448 5514 asssumpsit,et·naturam
1458 5433 1555 5488 caruis
1567 5451 1627 5488 sua
1636 5435 1672 5490 nd
1681 5440 1814 5493 naturam

114 5525 575 5600 conceptushngelusZacharin
588 5523 938 5598 loquitur,stcrilipartus
991 5519 1159 5581 eternitatis
1176 5519 1231 5576 sub
1247 5524 1430 5578 sacramento
1453 5522 1537 5578 uobis
1562 5525 1813 5584 communicanda
