3900 6090
131 241 205 304 ibit
531 240 796 306 HRO'l'SUlTHAE
818 241 1007 307 ttoulnals
1031 242 1429 309 onnuuasflulttuttsts
1766 245 1844 308 tots

475 387 607 431 ternans.
968 379 996 447 A
1329 390 1521 436 ronrnnarus.

165 465 288 531 Quando
302 463 390 521 ctiam
405 463 455 519 Dei
471 463 655 536 Unigenitus,
672 464 809 537 idemque
829 464 959 539 Virginis
1048 464 1084 520 ut
1099 480 1152 520 cur
1166 468 1267 520 manet
1281 465 1479 523 Callimachus
1494 466 1574 540 gravi
1589 467 1675 525 vultu
1691 469 1846 528 modestus

129 553 355 627 primogenitus,
371 552 421 625 qui
438 552 518 607 eolus
532 551 773 622 innocens,solus
789 553 959 611 immacula·
1013 569 1066 610 nec
1081 553 1205 626 perfurit
1218 552 1305 611 solito
1321 572 1401 611 more
1416 555 1446 611 in
1463 572 1562 614 amore
1576 556 1755 616 Drusianae?

130 648 191 710 tus,
207 642 288 700 solus
302 642 366 698 sine
380 640 489 698 veterni
506 641 591 697 eorde
607 640 704 698 delicti
715 642 745 697 in
761 644 960 702 mundumve·
1360 649 1494 703 loannes.

129 733 186 802 uit,
201 747 303 788 omnes
318 730 373 787 sdb
388 729 469 804 gravi
488 746 575 786 onere
598 731 710 803 peccati
733 733 887 805 depressos
912 733 958 791 in·
1048 734 1150 798 Quina
1164 750 1292 806 nequam
1308 734 1470 792 intentione
1485 739 1850 809 transmutatus,verecst

129 821 217 879 venit.
1012 821 1121 879 Christi
1137 821 1290 896 disciplus.

449 923 637 968 sennonteus.
1328 925 1518 970 sonnontrus.

163 1000 284 1058 Verum.
1048 998 1122 1056 Non.

479 1103 611 1147 sonasse.
1358 1104 1492 1148 rosnnss.

164 1179 281 1237 Scilicet
295 1177 409 1234 nullum
420 1179 549 1250 justum,
565 1178 679 1236 nullum
696 1180 898 1238 misericordia
911 1181 955 1239 in·
1046 1178 1152 1235 Etiam.

126 1269 240 1328 veniret
253 1268 386 1342 dignum,
403 1267 551 1324 neminem
567 1273 665 1326 tamen
681 1270 800 1342 sprevit,
808 1271 955 1328 neminem
1330 1283 1521 1328 consonantis.

129 1375 189 1415 suar
203 1358 298 1431 gratia
312 1356 429 1430 pietatis
444 1357 578 1430 privavit,
595 1359 646 1414 scd
663 1358 793 1431 seipsum
817 1359 957 1418 omnibus
1046 1359 1088 1426 Si,
1104 1363 1137 1415 ut
1152 1358 1271 1432 asseris,
1287 1358 1433 1417 Drusiana
1447 1377 1495 1417 mo
1515 1360 1679 1433 suscitavit,
1704 1366 1736 1418 et
1760 1363 1846 1420 Calli·

128 1447 260 1511 tradidit,
282 1445 386 1519 suique
414 1445 551 1502 dilectam
581 1447 710 1504 animam
739 1465 791 1520 pro
816 1450 955 1507 omnibus
1010 1446 1134 1504 machus
1150 1447 1265 1504 Christe
1291 1447 1426 1518 credidit,
1442 1449 1533 1505 vitam
1558 1450 1681 1522 repudio
1707 1455 1848 1509 mortem·

128 1535 237 1611 posuit.
1009 1552 1066 1609 que
1081 1535 1158 1610 eligo
1173 1540 1287 1609 sponte,
1304 1535 1374 1610 quia
1389 1536 1467 1594 malo
1479 1554 1537 1595 non
1552 1554 1627 1608 esse,
1640 1555 1734 1612 quarn
1751 1539 1782 1596 in
1797 1540 1844 1598 bis

449 1640 636 1685 anunentcon
1008 1629 1126 1682 tantum
1146 1623 1331 1683 abundanter
1352 1625 1496 1683 virtutum
1520 1626 1646 1700 gretiam
1670 1627 1845 1688 sentiscere.

163 1718 193 1774 Si
209 1717 350 1774 innocens
363 1733 423 1773 nen
438 1716 629 1786 occideretur,
647 1733 732 1775 nemo
744 1717 826 1790 juste
845 1717 952 1776 libera·
968 1758 992 1824 B
1354 1729 1486 1773 rotasse.

129 1810 218 1865 retur,
1044 1802 1255 1860 Oadmirauda
1270 1803 1378 1861 diaboli
1394 1804 1515 1874 invidia,
1531 1822 1547 1861 e
1564 1805 1678 1863 malitia
1693 1807 1842 1881 serpentis

475 1910 606 1954 sosares.
1009 1894 1133 1971 antiqui,
1150 1893 1200 1967 qui
1211 1897 1240 1950 ct
1253 1893 1443 1967 protoplastis
1459 1899 1583 1953 mortem
1598 1896 1647 1954 81
1672 1898 1844 1970 propinavit

165 1986 232 2043 Ideo
248 1986 277 2041 in
293 1985 447 2041 hominum
459 2002 516 2040 non
529 1984 689 2040 delectatur
699 1987 954 2059 perditionc,quos
1009 1986 1033 2041 et
1051 1999 1140 2055 super
1149 1984 1300 2055 justorum
1314 1982 1408 2056 gloria
1419 2001 1536 2057 semper
1549 1983 1655 2058 gemiti
1672 1985 1734 2043 Iste
1746 1986 1842 2044 inteli-

130 2089 183 2130 suo
198 2075 313 2144 emptos
329 2071 464 2127 meminit
479 2070 605 2143 pretioso
620 2073 773 2145 sanguine.
1008 2070 1147 2128 cissimus
1163 2072 1353 2142 Fortunatus,
1378 2071 1527 2129 diabolica
1550 2074 1762 2134 amaritudinis
1776 2075 1844 2134 telle

447 2174 633 2217 anuaonrcus.
1009 2160 1211 2235 plenissimus,
1230 2165 1419 2233 comparatur
1433 2160 1517 2218 malm
1535 2161 1633 2219 arbori
1647 2181 1770 2223 amaros
1785 2166 1845 2224 sm·

165 2250 281 2308 Gratias
295 2247 349 2305 illi.
433 2282 437 2290 ·
1009 2253 1074 2307 ctus
1090 2249 1217 2306 laetenti.
1232 2249 1313 2307 Unde
1327 2250 1443 2307 excisus
1467 2268 1484 2306 a
1506 2250 1627 2326 collegio
1645 2253 1802 2324 justorum
1815 2260 1844 2313 ct

476 2353 608 2396 rotasse.
1009 2339 1141 2411 abjectus
1157 2356 1174 2394 n
1188 2338 1334 2394 consortie
1350 2340 1441 2396 Deum
1458 2339 1638 2412 timentium,
1654 2342 1795 2400 mittatur
1813 2345 1842 2401 in

165 2430 247 2487 Unde
261 2428 327 2486 aliis
350 2427 400 2484 Dei
424 2427 549 2501 gratiam
575 2446 632 2484 non
656 2430 798 2486 debemus
815 2431 953 2503 invidere,
1009 2427 1109 2485 aterni
1133 2427 1232 2502 ignem
1248 2426 1396 2500 supplicii,
1419 2427 1596 2487 cruciandus
1624 2430 1690 2489 sine
1715 2432 1843 2508 alicujus

129 2536 219 2594 quam
234 2535 269 2574 err
284 2517 373 2574 nullis
386 2517 741 2589 precedentibusmeritis
753 2519 781 2575 in
794 2520 955 2596 nobisgau·
1008 2517 1224 2574 intermistione
1238 2516 1391 2590 refrigerii.

131 2609 237 2666 demus
251 2605 411 2664 abundare.
1328 2618 1515 2665 truncamus

439 2709 643 2754 canaiuncnos.
1044 2695 1126 2767 Eece,
1133 2694 1369 2768 turgescentibus
1384 2695 1561 2769 serpentinis
1572 2698 1724 2757 morsibus
1740 2701 1778 2757 ad
1795 2717 1840 2758 oc·

165 2785 308 2846 Terruisti
324 2802 371 2844 me
385 2786 511 2858 monitu,
1008 2801 1110 2842 casum
1126 2801 1229 2841 rursus
1243 2783 1373 2858 vergitur
1387 2787 1416 2841 et
1429 2784 1517 2841 citius
1530 2785 1608 2843 dicto
1624 2787 1779 2848 morietur.

476 2889 609 2933 rennues.
1352 2887 1485 2932 Jusnsss.

161 2969 203 3025 Ne
217 2971 316 3025 autem
332 2965 391 3021 tuis
405 2964 505 3021 videar
519 2965 605 3021 reniti
620 2966 706 3037 votis,
721 2982 778 3022 non
794 2968 955 3025 suscitetur
1044 2963 1195 3031 Moriatur,
1216 2961 1313 3035 sitque
1336 2961 1431 3018 incola
1457 2962 1608 3036 gehenne,
1634 2966 1685 3038 qui
1716 2972 1838 3042 propter

127 3074 181 3131 per
196 3073 253 3124 me,
269 3055 320 3111 scd
337 3070 390 3125 per
403 3052 590 3124 Drusianam,
607 3053 676 3126 quia
700 3055 737 3110 nd
760 3056 814 3113 boc
834 3056 955 3130 implcn-
1008 3051 1096 3109 alieni
1112 3050 1250 3108 invidiam
1267 3051 1414 3124 profectus
1429 3053 1574 3109 recusavit
1587 3053 1694 3111 vivere.

125 3148 198 3202 dum
212 3162 230 3201 a
245 3143 303 3200 Deo
319 3141 431 3214 aceepit
442 3141 579 3213 gratiam.
742 3200 743 3204 ,
969 3132 990 3201 G
1324 3153 1510 3199 suenonrcns.

461 3245 612 3289 nausiant.
1039 3229 1191 3287 Terribile.

159 3323 263 3379 Divina
276 3319 520 3391 substantiaque>
530 3336 597 3377 vere
608 3325 636 3376 ct
646 3321 835 3394 singulariter
844 3340 875 3380 es
887 3325 951 3381 sine
1345 3332 1478 3378 totnnss.

125 3412 253 3468 materiae
277 3410 381 3480 forma,
408 3426 471 3481 qnae
495 3408 646 3465 homiuem
671 3411 707 3466 ad
732 3411 775 3465 tui
790 3410 950 3486 imaginem
1041 3408 1118 3465 Nihil
1134 3409 1293 3469 terribilius
1309 3409 1417 3482 invido,
1433 3409 1506 3467 nibil
1521 3411 1676 3468 scelestius
1693 3413 1836 3485 superbo.

123 3499 289 3574 plasmasti,
305 3502 333 3554 et
347 3497 490 3571 plasmato
506 3496 686 3568 spiraculum
702 3499 765 3554 vitn
786 3499 948 3573 inspirasti,
1327 3513 1512 3558 asuaosrcus.

118 3591 191 3664 jube
206 3586 358 3645 materiale
370 3604 476 3659 eorpus
492 3587 642 3644 Fortunati
659 3590 778 3645 reducto
798 3590 892 3647 calore
919 3591 949 3648 in
1041 3589 1168 3661 Uterque
1178 3588 1365 3646 miserabilis.

121 3680 265 3736 viventem
281 3676 411 3733 enimam
427 3675 534 3732 iterum
551 3676 714 3748 reformari,
731 3694 788 3750 quo
804 3678 882 3735 trina
897 3697 948 3737 no·
1350 3692 1482 3737 toansss.

34 3792 40 3799 ·
121 3769 175 3825 stri
199 3765 383 3823 resuscitatio
400 3763 453 3822 tibi
469 3765 497 3820 in
514 3764 631 3821 laudern
653 3770 793 3836 vertatur,
819 3767 949 3826 Trinitas
1039 3767 1101 3823 Une
1114 3768 1274 3841 eademque
1289 3783 1415 3840 persona
1429 3773 1554 3841 utroque
1573 3785 1692 3842 semper
1718 3769 1838 3829 laborat

119 3855 294 3915 veneranda.
1000 3856 1082 3929 vitio,
1094 3855 1163 3929 quia
1178 3861 1316 3913 neutrum
1332 3857 1396 3913 sinc
1411 3857 1512 3914 altero.

465 3958 599 4002 ioannes.
908 3989 912 3996 .
1322 3960 1509 4006 annnonrcus.

154 4037 258 4092 Amen.
1037 4035 1154 4106 Expone
1169 4033 1363 4092 enucleatius.

449 4136 596 4179 onustans.
1347 4140 1481 4184 rotasse.

154 4211 369 4285 Expergiscere,
382 4211 540 4266 Fortunate
564 4216 593 4266 et
612 4212 700 4284 jussu
716 4211 823 4270 Christi
840 4215 947 4272 retinn-
1036 4214 1109 4270 Nam
1124 4213 1174 4285 qui
1190 4215 1331 4286 superbit,
1349 4215 1469 4287 invidet,
1484 4216 1577 4290 etqui
1592 4215 1716 4288 invidet,
1736 4235 1836 4292 super·

118 4302 185 4361 culs
200 4299 475 4372 mortisdisrumpe.
1000 4301 1058 4371 bit;
1076 4303 1145 4374 quia
1161 4319 1244 4359 meus
1260 4304 1370 4375 invida,
1395 4306 1466 4361 dum
1492 4304 1618 4362 alienam
1642 4305 1767 4366 laudem
1783 4325 1836 4366 nee

434 4402 624 4446 ronrunsros.
912 4403 914 4408 '
999 4392 1111 4464 patitur
1126 4392 1239 4463 audire,
1256 4396 1285 4449 et
1301 4391 1330 4448 in
1346 4393 1392 4449 sui
1409 4395 1627 4468 comparatione
1642 4396 1835 4468 perfectiores

153 4482 223 4550 Quis
247 4496 293 4536 ma
318 4479 501 4552 apprehensa
522 4495 611 4535 mauu
631 4480 743 4536 crexit?
759 4481 828 4547 Quis
843 4497 943 4538 vocem
958 4506 983 4571 D
999 4481 1092 4537 ambit
1107 4480 1254 4553 vilescere,
1270 4481 1447 4555 dedignatur
1462 4482 1568 4556 subjici
1588 4483 1792 4558 dignioribus,
1806 4492 1836 4544 et

117 4575 150 4630 ut
164 4586 348 4644 resurgerem
363 4568 444 4626 dedit
456 4573 468 4625 i
998 4570 1124 4643 superbe
1140 4573 1263 4627 cenatur
1277 4571 1405 4644 preferri
1421 4573 1621 4645 comparibus.

463 4671 597 4715 rotasse.
1317 4674 1505 4720 sennonteus.

151 4748 308 4806 Drusiana.
1035 4749 1125 4805 Patet.

442 4849 614 4895 serenares.
950 4832 953 4836 ’
1342 4853 1474 4898 scarras.

151 4927 227 4984 Num
244 4943 291 4984 me
306 4924 458 4984 suscitavit
473 4927 640 4984 Drusiana?
1033 4926 1115 4984 Unde
1130 4927 1186 4985 iste
1206 4928 1393 4987 miserrimus
1408 4928 1619 4987 vulnerabatur
1633 4935 1745 5004 meum,
1760 4932 1829 5007 quis

467 5029 591 5072 ioannes
997 5030 1029 5070 se
1042 5013 1089 5071 his
1104 5014 1272 5072 interiorem
1288 5016 1428 5072 aestimari
1454 5034 1512 5074 non
1534 5017 1692 5090 sustinuit,
1707 5020 1738 5076 in
1762 5020 1827 5094 quis

152 5105 226 5179 Ipsa,
997 5103 1170 5177 ampliorem
1185 5105 1236 5162 Dei
1251 5106 1376 5180 gratiam
1389 5105 1488 5164 lucere
1502 5124 1560 5164 non
1575 5108 1713 5167 nescivit.

433 5207 625 5252 ronrunnros.
1316 5210 1502 5255 nnnsonrcns.

150 5283 251 5339 Nonne
266 5286 334 5340 ante
348 5281 461 5355 aliquot
480 5284 543 5340 dics
563 5282 724 5357 improvisa
738 5287 832 5340 morte
848 5285 942 5341 lucrat
1031 5282 1114 5340 Nunc
1129 5285 1250 5341 tandem
1265 5284 1396 5359 intelligo
1410 5287 1488 5359 quod
1503 5286 1581 5344 inter
1590 5293 1753 5362 surgentes
1772 5287 1826 5346 ml·

115 5373 310 5446 consumpta?
870 5417 875 5425 .
995 5372 1074 5430 nime
1089 5377 1134 5430 est
1146 5378 1347 5447 computatus,
1372 5372 1443 5457 quia
1463 5375 1545 5433 ocius
1564 5380 1629 5433 erat
1649 5377 1824 5434 moriturus.

460 5476 592 5521 ioannes.
1342 5467 1474 5522 sessura

149 5551 186 5606 nt
198 5550 268 5610 vivit
284 5550 313 5608 in
329 5550 454 5609 Christo.
1029 5550 1140 5624 Dignus
1156 5555 1201 5608 cst
1216 5550 1296 5608 enim
1307 5555 1431 5625 utraque
1442 5551 1664 5628 mortc,quiaet
1675 5567 1823 5613 commen·
