3900 6090
663 288 831 353 WlGONlS
854 289 996 350 bairam
1018 288 1310 351 PHYUHTWANG.
1798 293 1836 351 12

525 422 570 479 IV.
973 432 999 492 Α
1017 427 1132 480 tantum
1149 422 1279 480 arrident
1293 440 1351 490 eos,
1368 424 1496 479 volentos
1512 441 1544 479 ca
1566 441 1596 480 sc
1614 425 1742 496 quotidie
1758 427 1835 498 apud

231 526 266 566 aa
287 526 453 568 muramuu
472 528 634 569 srrscormu
652 529 859 571 aucusrsnuu.
1013 529 1137 586 superos
1151 512 1276 569 deficare
1291 512 1339 584 (ita
1351 513 1408 569 cod.
1425 516 1446 583 s.
1463 513 1619 585 deificare).
1635 515 1776 580 Quocirca
1791 532 1837 587 pc-

136 598 221 671 iiopat
233 607 264 654 ut
277 599 357 656 rebus
376 601 406 656 in
426 617 475 658 sao
496 600 655 658 Mocasura
678 602 868 673 afflictissime}
883 616 961 674 opem
993 680 996 686 Ι
1013 601 1106 659 timus
1119 602 1154 656 de
1165 605 1265 657 vostra
1277 601 1459 674 paternitatis
1472 602 1627 658 clomantia
1639 621 1692 658 nos
1704 604 1837 675 adjuvari

504 674 584 744 lefal-
1014 688 1117 747 solatio
1128 690 1226 746 fratris
1238 690 1329 747 nostri
1344 689 1524 757 Wairberi,ut
1539 691 1621 747 radix
1631 692 1757 764 alicujus
1769 694 1836 748 boni

174 759 205 814 L·
223 759 312 816 Pallii)
323 761 432 817 summi
449 761 603 818 Sissssdeili
614 762 728 818 ssoelllus
740 761 897 830 llldtlsslaffl,
910 760 958 817 W·
1014 780 1127 836 fractus
1133 778 1313 853 profluxione
1322 779 1627 852 maj0risirrigationis
1636 782 1729 854 possit
1737 782 1837 854 angori

136 848 329 919 wigissgssndl
356 849 534 923 gregaminis
559 850 679 906 inermis
703 852 800 924 ⁰l³lll⁰v
818 851 959 924 gaudium
1013 868 1692 940 inloconobiscommisso,(quatenuscumulus
1704 889 1837 943 superma

137 951 271 1008 supernae
286 935 434 993 felicitatis
448 938 478 993 in
494 938 619 995 Christo.

171 1023 297 1081 Cursum
306 1025 468 1083 effectuoso
480 1026 634 1098 legationis
644 1030 678 1084 ad
692 1029 902 1084 monasterium
912 1045 961 1083 no·

137 1118 232 1170 strum
248 1115 308 1170 scre
319 1120 534 1189 prosperatum,
543 1133 659 1174 summo
671 1119 729 1173 Dec
740 1118 867 1190 primum
879 1118 961 1190 hym-

136 1203 339 1277 nizamus,qui
355 1204 519 1263 directaneo
534 1205 780 1279 grossa,vialiquc
791 1206 959 1263 ductamine

137 1310 254 1366 sempor
268 1293 369 1368 dirigit
383 1312 484 1351 secum
507 1295 603 1351 cordis
628 1294 780 1352 conamine
799 1299 958 1352 versantes.

138 1383 282 1440 Fraternas
302 1387 400 1442 autem
423 1385 607 1442 deductionis
633 1389 825 1458 augmentum
856 1384 959 1441 merito

136 1476 238 1531 vestre
253 1473 370 1547 pietatis
385 1474 571 1541 ascribimus,
588 1473 658 1547 quia
672 1473 838 1547 pelliferum
861 1476 961 1529 nostra

136 1561 290 1620 inscientia
305 1562 427 1620 minime
450 1564 637 1632 edoctum,et
661 1562 788 1635 tepentia
814 1561 960 1619 schedula

136 1652 234 1720 verba,
250 1652 345 1708 vivida
360 1656 446 1709 aucta
461 1652 612 1710 facecitate
635 1652 686 1708 viae
702 1651 860 1708 direxistis.
876 1649 959 1708 illam

136 1739 407 1799 incommoditatem
431 1741 599 1815 importune
614 1739 806 1809 sustinemus,
824 1755 891 1795 cum
907 1739 958 1796 Dei

138 1829 300 1888 ministerio
311 1829 446 1888 iicelesia
458 1830 764 1904 congregamur,qa0d
776 1829 959 1902 conglobata·

137 1933 204 1976 rum
221 1918 318 1976 avium
330 1919 458 1992 garritus
473 1921 617 1978 cantando
633 1935 771 1992 superare
792 1919 958 1990 nequimus,

143 2009 221 2080 quad
238 2009 368 2083 undique
380 2009 537 2083 pennigero
552 2009 649 2066 volatu
664 2008 843 2064 invehuntur
853 2007 960 2080 patulis

136 2100 319 2170 fenestris,ot
328 2100 446 2173 quando
457 2098 557 2157 nivoso
567 2097 781 2172 prosternimur
794 2097 960 2170 pavimento

137 2189 267 2251 exomni
283 2193 364 2263 parto
381 2188 444 2246 aive
466 2189 566 2258 afflati,
583 2187 691 2245 caenosi
707 2186 883 2243 volutamur.
904 2185 959 2242 Sed

139 2285 238 2339 tamen
253 2278 448 2337 communitor
461 2279 599 2351 degentes
610 2277 670 2333 hac
686 2280 848 2349 opportune
859 2276 960 2331 tolcra-

140 2387 249 2440 iemus,
265 2368 290 2427 si
305 2368 492 2425 Dominicum
507 2366 597 2423 altare
612 2384 629 2422 a
649 2365 791 2438 ninguine
806 2365 960 2421 defendere

140 2477 307 2534 possemne.
317 2461 452 2516 Accensa
462 2455 590 2514 candelas
605 2454 723 2512 ilamine
738 2458 891 2511 ventorum
902 2457 961 2508 tur-

138 2551 224 2619 bata,
236 2548 363 2605 multum
377 2546 572 2620 lacrymantes
585 2544 821 2616 exstinguuntur.
831 2543 874 2598 Ad
885 2541 962 2598 clau·

139 2656 240 2698 suram
254 2639 460 2703 fenestrarum,
477 2635 502 2690 si
517 2634 631 2706 sliquos
645 2633 738 2688 lineos
753 2631 882 2688 tribuitis
893 2648 962 2704 pan·

140 2746 205 2798 nos,
231 2726 352 2802 potestis
376 2725 461 2782 facilc
484 2724 571 2780 istam
595 2721 811 2795 querimoniam
841 2721 959 2778 sarcire.

139 2816 360 2884 Quantumlibet
375 2812 507 2886 chalybis
522 2814 698 2870 ferramenta
719 2811 880 2880 sarcienda,
896 2827 961 2883 qua

140 2907 225 2964 nobis
240 2910 310 2962 sunt
324 2903 499 2972 necessaria,
516 2903 589 2959 flexo
613 2899 741 2975 petimus
761 2899 844 2968 callo,
863 2903 961 2956 nostro

135 2996 265 3070 jubeatis
280 2993 441 3051 transmitti
455 2992 595 3050 Vulcano.

531 3116 567 3173 V.

226 3246 262 3287 AD
282 3243 452 3286 GOZPERTUM
470 3241 602 3284 ΑΒΒΛΤΕΜ
621 3237 870 3281 TEGERNSEENSEM.

140 3336 261 3413 deponit
273 3338 299 3395 ei
313 3336 512 3408 difficultatem,
522 3335 587 3390 aovi
600 3331 757 3389 donareris·
770 3331 816 3386 sai
831 3337 965 3412 consinus

177 3413 250 3468 tiarae
278 3415 425 3476 manuum,
449 3413 578 3479 rogatque
605 3412 636 3460 at
666 3402 832 3460 Weieitcram
860 3401 963 3467 solatas,

177 3481 356 3557 sigihardum
369 3479 523 3537 studiorum
537 3485 630 3550 pratea
644 3475 680 3531 ad
692 3491 720 3532 se
731 3476 830 3531 mittat.

177 3589 283 3648 Abbati
298 3589 332 3646 G.
349 3586 511 3645 monastica
528 3582 708 3640 firmitudine
724 3581 888 3654 priscorum
903 3578 965 3635 vice

144 3683 319 3741 Sanctorum
332 3673 603 3753 patrissanti,W1oo
615 3687 681 3728 cum
692 3669 856 3737 trutmonia,
865 3683 964 3725 secum

143 3772 174 3830 in
189 3768 387 3829 ministerium
407 3766 556 3838 deputato,
574 3759 718 3834 quidquid
734 3757 833 3814 tenelli
849 3761 965 3813 maturo

148 3860 271 3936 parenti.

178 3951 263 4007 liuva
278 3945 468 4021 plantationis
483 3942 615 4018 germina
629 3939 755 3998 brumali
774 3943 903 4010 tempore
916 3951 967 3990 vos

142 4037 214 4095 velle
224 4050 394 4110 propagare,
402 4032 572 4089 mirandum
584 4047 656 4086 nova
666 4027 888 4100 conscriptione,
897 4040 968 4078 cura

143 4127 244 4186 nivosa
256 4125 359 4197 hyems
373 4139 430 4178 uon
447 4120 620 4175 viridescere
636 4118 666 4174 in
681 4119 789 4190 fruges,
807 4115 856 4171 sed
872 4112 967 4184 magis

144 4213 393 4286 soleatintapides
402 4211 545 4284 rigescere
555 4206 842 4264 albicantes'lamen
852 4200 968 4258 ornatui

73 4283 79 4305 ⁸
144 4303 353 4366 Salamoniaco
364 4301 471 4357 domus
482 4297 608 4355 nimium
622 4294 735 4352 habiles
746 4292 771 4350 si
782 4291 968 4361 volumusJa·

145 4414 209 4456 cere
226 4393 331 4456 similis
343 4394 496 4450 structuras
511 4383 734 4460 profunditates,
743 4380 904 4455 gloriosum
919 4380 968 4435 Sa-

1014 956 1157 1013 mercedis
1182 976 1199 1012 a
1223 958 1346 1013 Domina
1376 957 1524 1012 Salvatore
1554 959 1721 1014 remetiatur
1745 960 1836 1014 vobis.

1014 1045 1202 1118 Sigihardum
1220 1047 1338 1102 fratrem
1356 1052 1500 1112 nostrum,
1518 1063 1605 1117 quom
1621 1051 1751 1119 tempore
1770 1049 1837 1102 viri-

1013 1135 1159 1191 descentis
1174 1135 1245 1191 anni
1259 1136 1384 1208 dirigere
1399 1136 1567 1191 decrevistis
1583 1153 1674 1192 causa
1694 1136 1837 1203 discendi,

1014 1222 1039 1280 si
1054 1223 1126 1292 vult,
1142 1228 1170 1279 et
1192 1225 1217 1280 si
1242 1224 1415 1296 dignamini,
1433 1241 1510 1279 nnnc
1534 1224 1622 1279 eiiam
1647 1225 1723 1279 mitti
1740 1243 1838 1296 proea-

1014 1329 1092 1369 mur.
1104 1313 1213 1368 Valete.

1402 1411 1448 1466 Vl.

1112 1524 1148 1563 nn
1169 1524 1334 1565 aruraanunr
1354 1499 1515 1565 srrscorun
1535 1525 1740 1568 sucusrauuru.

1017 1607 1047 1664 ur
1061 1621 1104 1662 eos
1127 1607 1239 1677 fratres,
1271 1622 1318 1662 uos
1339 1610 1499 1663 raonastati
1516 1610 1562 1663 sai
1581 1611 1716 1666 commodo
1738 1613 1838 1667 aGos-

1048 1685 1124 1749 perto
1139 1677 1234 1736 abbate
1251 1624 1374 1750 legeras.
1396 1680 1560 1750 impetravit,
1576 1680 1690 1751 benique
1712 1684 1837 1755 accipiat,

1052 1748 1125 1806 etad
1140 1767 1168 1806 se
1184 1749 1263 1806 roias
1278 1751 1439 1806 necessariis
1451 1752 1573 1822 provisos
1587 1752 1685 1807 mittat.

1053 1856 1171 1911 Prasuli
1183 1857 1213 1911 L.
1222 1874 1293 1913 cura
1303 1857 1443 1931 pastorali
1454 1857 1610 1913 custodoloe
1621 1856 1718 1914 ovium
1728 1859 1836 1916 Christi

1015 1944 1135 2017 provida
1149 1946 1262 2002 cautela
1276 1946 1450 2019 invigilanti,
1462 1947 1509 2001 W.
1525 1962 1593 2002 cum
1609 1947 1704 2004 adalta
1715 1947 1766 2004 Dei
1779 1949 1838 2005 Sal·

1014 2033 1122 2090 vatcris
1136 2034 1257 2108 indigno
1272 2035 1428 2104 tirunculo,
1445 2053 1577 2108 superna
1593 2036 1761 2096 salvationis
1768 2041 1840 2111 jugo

1014 2138 1169 2195 precamen
1184 2124 1213 2180 in
1229 2124 1353 2181 Christo.

1049 2213 1230 2270 auctoritate
1261 2217 1424 2274 sanctitatis
1448 2225 1561 2285 vestro,
1583 2235 1698 2277 summe
1728 2226 1836 2292 pastor,

1015 2299 1109 2372 lepide
1125 2302 1478 2377 persuasi‚solidariaquc
1494 2307 1722 2365 conversationis
1732 2314 1837 2366 nostras

1015 2388 1218 2460 singularitate
1227 2393 1371 2465 compulsi
1380 2394 1593 2454 solidissimum
1605 2397 1839 2471 littusstagnina·

1015 2493 1082 2534 rum
1091 2477 1314 2550 impulsionum,
1323 2484 1541 2558 anchoramque
1550 2487 1707 2544 verissimas
1718 2489 1779 2562 spei
1790 2505 1840 2561 per

1015 2566 1155 2622 nuntium
1168 2568 1353 2638 adnavimus,
1364 2574 1530 2632 tutissimos
1545 2575 1678 2632 videlicet
1692 2579 1777 2633 sinus
1792 2580 1840 2634 ab·

1016 2654 1093 2711 batis
1108 2657 1277 2730 nostrique
1294 2660 1499 2719 fluctuationes
1516 2665 1643 2720 fraterna
1657 2666 1776 2722 raritate
1791 2685 1840 2723 no·

1015 2741 1060 2799 bis
1084 2743 1187 2815 illisas,
1204 2746 1302 2820 aliquo
1327 2751 1520 2808 consolatorio
1536 2755 1715 2811 stabilimine
1737 2757 1838 2817 sedare

1016 2831 1064 2904 pia
1079 2838 1316 2907 augmentatione
1333 2841 1458 2898 fratrum
1472 2843 1617 2917 dignetur.
1635 2847 1711 2911 Quos
1726 2845 1751 2902 si
1766 2863 1838 2919 pras-

1016 2921 1221 2983 destinationis
1236 2928 1287 2985 Dei
1301 2929 1347 2987 via
1363 2932 1500 2989 direxerit
1515 2935 1550 2990 ad
1566 2935 1728 3008 Angustam
1744 2935 1840 2991 civita·

1014 3012 1281 3084 tem,adjunctionc
1296 3019 1442 3078 sociorum
1457 3023 1581 3092 itineris,
1590 3023 1740 3081 fulcimine
1750 3041 1839 3097 equo·

1016 3115 1093 3167 rum,
1123 3118 1325 3180 equorumque
1353 3110 1463 3183 aurigis
1492 3113 1657 3169 sublevatos
1685 3131 1840 3186 precamur

980 3169 1146 3245 Chumane
1162 3195 1273 3268 suscipi
1293 3197 1433 3267 jubeatis,
1451 3204 1601 3272 susceptos
1625 3201 1710 3258 nobis
1725 3202 1840 3258 mittere

1018 3276 1194 3349 dignamini.

1054 3366 1255 3430 Vuillihardus
1270 3374 1394 3435 clericus
1409 3394 1426 3434 a
1439 3378 1522 3434 vobis
1536 3395 1686 3453 regressus
1712 3381 1791 3435 venit
1804 3382 1839 3436 ad

1019 3471 1073 3513 nos
1089 3458 1192 3529 quinta
1204 3462 1275 3519 feria
1290 3470 1358 3522 ante
1373 3467 1603 3540 theophaniam,
1617 3468 1668 3540 qui
1683 3467 1839 3537 intimavit,

1020 3548 1097 3620 quod
1114 3549 1312 3622 admiramini,
1329 3556 1406 3626 quod
1429 3572 1524 3627 neque
1549 3574 1601 3629 per
1623 3556 1772 3624 nuntium,
1790 3560 1842 3612 aut

1020 3651 1072 3709 per
1084 3638 1237 3711 epistolam
1259 3641 1454 3712 innotuimus,
1471 3646 1541 3717 quid
1558 3648 1731 3715 laceremus,
1749 3645 1844 3718 quali-

1019 3729 1096 3784 terve
1112 3731 1425 3802 possemus.Valetudo
1443 3736 1606 3792 sanctitatis
1616 3740 1717 3792 vostra
1728 3739 1843 3790 tantum

1021 3823 1109 3888 queat
1123 3819 1153 3875 ia
1169 3820 1307 3877 Domino!
1327 3823 1403 3879 circa
1420 3840 1473 3879 nos
1488 3823 1524 3878 cb
1541 3823 1666 3895 gratiam
1681 3823 1769 3880 vestri
1787 3838 1847 3879 om·

1020 3905 1070 3963 uia
1084 3908 1157 3964 beno
1173 3910 1354 3983 aguntur.Ut
1370 3912 1406 3966 de
1420 3911 1500 3968 omni
1516 3912 1722 3968 incertitudine
1732 3928 1847 3968 eonver-

1021 3996 1143 4055 sationis
1159 4003 1264 4056 nostras
1275 4000 1480 4069 certificemus,
1488 4002 1587 4057 omnis
1597 4001 1754 4058 ordinatim
1766 4000 1846 4057 iuno·

1021 4091 1120 4143 tamus
1134 4088 1252 4160 scripta.
1266 4090 1352 4145 Sexta
1367 4090 1448 4158 feria,
1464 4107 1527 4162 qua
1544 4090 1677 4163 proxima
1699 4091 1761 4146 dies
1785 4095 1847 4145 orat

1022 4178 1088 4247 post
1113 4177 1209 4233 natale
1238 4178 1406 4246 infantium,
1424 4179 1584 4237 direximus
1614 4179 1768 4252 epistolam
1797 4195 1848 4250 per

1023 4266 1170 4336 nuntium,
1187 4271 1220 4325 ut
1234 4268 1326 4325 aculis
1341 4268 1445 4325 vestris
1461 4272 1623 4342 perspecta,
1641 4268 1665 4324 si
1693 4268 1797 4325 essetis
1817 4267 1848 4323 in

1020 4357 1161 4427 Augusta,
1174 4356 1368 4431 impressione
1383 4356 1472 4431 sigilli
1485 4357 1572 4415 vestri
1601 4356 1772 4414 bullaretur.
1789 4356 1848 4414 Hoc

142 4486 290 4544 lamonem
306 4481 402 4542 omnis
415 4478 499 4552 copia
513 4475 655 4534 Davitica
673 4468 893 4546 properationis
909 4485 967 4524 non
1023 4449 1121 4501 aliem
1137 4446 1439 4520 exe¹1¹illt¹fi³i³1⁸l01ae·

143 4581 259 4635 tantum
275 4572 455 4638 sublevabat,
472 4570 616 4641 quantum
628 4560 720 4620 nostri
736 4559 832 4618 cordis
847 4557 966 4615 domici·
984 4544 1008 4610 b

143 4667 217 4724 lium
231 4665 360 4722 latificat
373 4663 478 4718 deeora
493 4655 655 4723 edificatio,
672 4669 736 4724 quie
752 4666 811 4707 aon
835 4647 969 4721 lapidosa

1404 4572 1465 4628 Vll.

1183 4679 1324 4720 arrsroms
1343 4678 1498 4718 rumare-rra
1517 4677 1687 4719 axsueauu.

144 4750 732 4826 materia,ctquand0quacasura,verum
743 4738 824 4796 cultu
836 4733 968 4794 mansuri
1024 4753 1197 4814 Commendat
1215 4754 1287 4825 „1590
1303 4752 1369 4808 guo,
1377 4753 1491 4825 juvene,
1514 4751 1659 4807 monacho,
1675 4752 1704 4805 F·
1726 4747 1847 4802 schola„

143 4825 969 4905 fundaminisvsstracelsitudinisJuvaminenostroPon·
1058 4829 1109 4883 tica
1133 4824 1421 4897 deposueruntque
1441 4825 1582 4880 l’riseiaai
1606 4822 1716 4894 majoris
1742 4820 1847 4890 copiam

143 4916 969 4992 tiiildeststabilienda.Gaudeamusnosdirectosnorma
1057 4899 1119 4970 fiiri
1133 4904 1219 4969 709⁰!-

144 5021 303 5084 dominice
326 5015 529 5085 ordinationis,
545 5030 605 5087 qua
626 5011 777 5067 duodenos
807 5003 968 5079 discipulos
1056 4995 1231 5071 Apostolieis
1242 4993 1409 5068 agminibus
1424 4993 1525 5051 ordine
1539 4989 1721 5050 hereditario
1746 4987 1845 5045 coelicc

145 5113 227 5174 misit
234 5112 270 5170 ad
281 5106 482 5186 predicandus
492 5101 630 5178 populcs;
648 5103 676 5156 et
684 5098 801 5155 illorum
813 5091 967 5152 ministerii
1022 5091 1097 5144 natu
1108 5087 1316 5145 connumerato
1328 5084 1358 5140 F.
1366 5101 1500 5158 superna
1508 5077 1675 5154 sponsionis
1686 5078 1845 5152 perdignos

144 5221 219 5279 opus
233 5220 293 5260 non
304 5216 390 5275 posse
406 5193 515 5252 imitari
530 5191 678 5257 dolemus,
694 5204 762 5246 cum
777 5186 820 5242 ilii
832 5184 929 5241 tricies
939 5186 968 5239 et
1018 5176 1216 5277 judicantium
1232 5175 1351 5276 gradus.
1437 5262 1478 5274 ..
1607 5257 1637 5271 ..
1812 5259 1818 5272 .

144 5293 240 5359 sexies
254 5291 286 5349 iu
301 5286 450 5348 binarium
464 5280 561 5351 divisi,
576 5281 602 5337 si
617 5296 675 5337 uon
691 5275 856 5346 sanctitate,
872 5271 916 5330 vel
935 5275 968 5329 ut
1056 5267 1242 5325 Iastriutrane
1255 5269 1319 5321 vita
1339 5261 1521 5320 amicans
1536 5261 1649 5326 nututr,
1666 5259 1844 5316 monarchia

144 5378 186 5442 ita
199 5380 389 5457 poetizemus,
396 5375 531 5433 ciieotum
547 5368 603 5427 sibi
612 5369 750 5441 iniuncta
765 5359 967 5440 preceptionis
1022 5355 1154 5430 cogimm
1168 5352 1326 5457 obeditioni
1341 5353 1437 5409 mente
1451 5348 1584 5450 subesse,
1595 5351 1740 5450 precepto
1755 5347 1845 5445 majo

145 5469 356 5532 numerositate
371 5463 508 5540 supplere
522 5453 966 5535 potuissentNuilosadjutores
1021 5460 1088 5504 rum
1113 5443 1199 5503 celon
1223 5445 1330 5518 pedum
1354 5453 1547 5513 suspensione
1572 5437 1692 5510 perlecti
1717 5448 1842 5491 inomni

145 5560 300 5620 nobiscum
314 5549 656 5626 habemuspreterduos
670 5544 841 5620 grandmos
858 5541 967 5602 silicer-
1021 5533 1207 5612 precipimur
1241 5546 1314 5590 esse.
1353 5528 1387 5586 (i.
1417 5527 1576 5602 (asperas
1613 5526 1660 5582 ab.
1691 5521 1843 5623 tegerus.)

143 5667 209 5740 pos,
220 5663 295 5736 quop
310 5639 487 5733 wimodia
500 5637 574 5706 nibli
589 5634 693 5703 ataui
707 5631 815 5713 optaris,¹
824 5627 966 5713 debeata
1020 5641 1143 5690 summe
1158 5615 1342 5706 perfeetionis
1358 5621 1481 5692 amaus,
1488 5614 1698 5703 Menaenorum
1708 5609 1841 5693 bdelium

1759 5789 1873 6022 ‘a
