3900 6090
121 275 200 339 {009

443 425 631 468 menrasense.

155 498 338 557 Nullateuus.
347 499 427 558 Licet
441 517 497 557 non
514 499 656 558 doluisset
669 498 742 558 velle
757 497 945 576 possibilitas.

119 592 217 647 tamea
234 589 354 646 omnino
368 589 461 646 deluit
475 606 571 664 posse.

471 698 594 738 iosnnns.

156 773 217 837 Quo
233 773 319 842 paeto
335 767 566 841 impediebaris?

440 872 631 917 concrescens.

154 949 190 1005 Ut
212 947 341 1021 primum
366 947 506 1005 distracto
532 949 660 1022 tegmine
685 946 823 1004 conviciis
837 946 947 1004 tentavi

117 1040 261 1097 lacessere
276 1054 382 1110 corpus
398 1037 541 1102 examine,
558 1035 613 1092 istc
630 1038 817 1104 Fortunatus,
835 1035 885 1108 qui
902 1036 946 1092 lo-

120 1145 183 1185 mes
198 1125 268 1183 mali
281 1131 311 1182 et
324 1126 458 1183 incentor
470 1125 590 1195 exstitit,
612 1125 788 1198 serpentinis
809 1124 945 1199 pertusus

118 1216 239 1276 venenis
254 1215 350 1290 periit.

445 1322 618 1362 sennonteus.

155 1397 177 1454 0
191 1396 300 1453 sactum
313 1395 403 1452 benet

439 1501 626 1542 mentasanus.

149 1575 226 1645 ltlihi
241 1577 341 1631 autom
356 1573 492 1647 apparuit
511 1571 629 1646 Juvenis
652 1577 771 1645 aspectu
795 1571 944 1640 terribilis,

120 1666 170 1739 qui
187 1666 333 1720 detectum
350 1679 456 1735 corpus
471 1661 947 1733 honorificetexitexcujustlam·

119 1771 185 1811 mea
199 1752 272 1809 tocie
285 1751 445 1808 candentes
459 1750 489 1807 in
505 1752 626 1807 bustum
642 1749 776 1807 scintille
799 1749 945 1807 transilie-

118 1844 200 1911 bant,
218 1856 345 1914 quarum
360 1857 419 1897 una
434 1838 567 1896 resiliens
583 1838 657 1894 mihi
673 1838 823 1895 infaciem
840 1838 948 1894 terebe-

118 1937 177 2000 tur,
194 1929 343 2003 simulque
357 1944 410 1984 vox
425 1929 501 1985 lacte
515 1933 560 1984 ost
574 1928 675 1984 diceus
692 1945 698 1983 :
716 1925 948 1997 Cotttmocliemio·

117 2037 179 2079 rere
193 2028 224 2077 ut
237 2018 333 2076 vivos!
349 2016 401 2074 llis
415 2017 512 2085 dictis,
529 2015 667 2089 expiravi.

472 2123 595 2163 sosnnss.

156 2200 236 2272 Opus
251 2195 503 2275 coelestisggratia,
520 2211 583 2267 que
600 2212 658 2253 non
673 2194 836 2252 delectatur
850 2193 880 2250 in
896 2193 949 2250 im·

121 2288 238 2362 piorum
253 2284 425 2361 perditione.

443 2387 630 2430 ossstsnonns.

158 2464 272 2522 Audisti
287 2462 436 2519 miseriam
451 2478 521 2519 mee
536 2460 719 2534 perditionis,
736 2460 795 2517 noli
813 2459 948 2534 elongare

125 2553 272 2611 modelam
284 2557 341 2607 tua
357 2550 564 2608 miserationis.

471 2657 594 2698 ioannes.

160 2733 224 2788 Non
240 2730 391 2805 elongabo.

444 2836 630 2877 menrasense.

158 2911 232 2967 Nam
253 2908 378 2965 nimium
395 2909 567 2978 confundor,
585 2908 758 2964 cordetenus
782 2904 947 2974 contristor,

124 3001 234 3070 anxior,
252 3016 346 3073 gemo,
363 2999 445 3055 doleo
461 3015 549 3070 super
563 2997 643 3070 gravi
658 2996 807 3069 impietate
823 3010 898 3052 mea.

476 3104 598 3144 ioannes.

158 3179 219 3234 Nec
231 3177 388 3245 immerito,
405 3176 513 3249 quippe
528 3190 614 3249 grave
626 3174 766 3232 delictum
787 3174 866 3230 haud
887 3160 985 3231 level}

123 3266 315 3342 poenitudinis
330 3268 479 3338 exspectnt
494 3264 668 3321 remedium.

444 3370 632 3411 csnsrsscnos.

158 3445 310 3502 Outinam
326 3448 524 3500 reserarentur
538 3447 651 3501 secreta
662 3439 947 3500 meoru'mviscerum

122 3534 256 3602 latibula,
274 3550 331 3607 quo
345 3533 464 3589 interim
489 3532 715 3589 amaritudinem
739 3548 829 3605 quam
855 3532 949 3605 patior

122 3623 232 3681 doloris
246 3622 435 3697 perspiceres,
452 3624 481 3676 et
492 3621 603 3678 dolenti
619 3619 802 3678 condoleres!

476 3726 599 3767 iosnsss.

158 3802 332 3876 congaudeo
347 3799 519 3872 huJusmodi
534 3798 711 3872 dolori,quie
721 3798 816 3856 sentio
829 3803 858 3856 te
873 3799 950 3857 snlu·

124 3893 216 3948 briter
230 3889 406 3947 contristari.
573 3954 575 3959 ¹

445 3995 632 4035 osanrnsonus.

158 4071 258 4128 'ledet
270 4086 317 4126 me
332 4068 437 4141 prioris
455 4067 532 4137 vite,
558 4069 645 4126 tedet
667 4067 868 4126 delectationis
890 4067 948 4125 ini·

123 4177 198 4233 que.

477 4262 600 4302 iosnnss.

158 4339 217 4396 Neo
232 4337 351 4409 injuria.

444 4441 629 4482 mentasanus.

129 4483 137 4498 α
159 4516 339 4587 Poenitetque
354 4513 461 4570 delicti.

478 4619 590 4659 ioannes

158 4695 194 4751 itt
209 4694 324 4750 merite.

441 4799 629 4839 murmannus.

156 4871 299 4946 Displicet
314 4888 401 4929 omne
416 4871 494 4945 quod
519 4871 573 4928 teci
597 4872 628 4927 in
651 4876 779 4942 tantum,
796 4878 829 4930 ut
848 4873 948 4931 nullus

121 4979 216 5032 amor,
241 4959 322 5018 nulla
344 4959 479 5032 voluptas
504 4960 543 5016 sit
568 4958 693 5026 vivendi,
709 4961 767 5018 nisi
783 4965 903 5021 renatus
918 4962 949 5020 iu

121 5051 235 5108 christo
251 5065 364 5107 merear
377 5048 408 5105 in
422 5048 530 5106 melius
543 5049 747 5105 transmutari.

473 5152 597 5195 sosanns.

157 5229 221 5293 tien
243 5227 345 5285 dubito
368 5227 439 5301 quin
465 5243 593 5300 superna
605 5225 701 5300 gratia
714 5227 745 5283 iu
757 5230 785 5284 te
800 5231 947 5300 appareat.

441 5334 631 5394 estiomenus.

159 5410 225 5466 ldeo
237 5423 273 5465 no
283 5408 457 5477 moreris,ne
471 5408 619 5481 pigriteris
634 5408 746 5464 lassum
757 5408 949 5480 erigeremus·

122 5500 235 5557 rcnteus
251 5495 501 5553 consolationibus
524 5495 644 5553 attolere
659 5497 720 5564 2⁰,
737 5512 796 5569 que
815 5500 866 5553 tuo
881 5513 946 5552 mo·

122 5585 199 5654 nitu,
213 5591 265 5642 tuo
281 5585 459 5658 magisterio,
477 5602 494 5641 a
512 5584 612 5657 gentili
637 5584 668 5641 in
694 5584 904 5652 Christianum,
931 5602 948 5642 s

594 275 801 340 cottOEblls
825 276 911 338 SEX.
934 309 974 319 .„
993 273 1048 337 111.
1070 273 1357 339 constituentis,

962 409 989 477 Α
1005 426 1116 485 nugace
1131 408 1161 465 in
1176 413 1291 467 eastum
1306 412 1521 467 transmutatus
1535 405 1642 478 virum,
1655 411 1764 482 tuoque
1776 411 1829 466 du·

1749 272 1829 340 l0l0

1001 503 1068 556 catu
1084 499 1221 557 semitam
1236 498 1380 572 arripiens
1395 497 1535 568 veritatis,
1551 496 1645 555 vivom
1656 498 1743 570 Juxta
1757 496 1827 554 divi·

1000 605 1045 645 ua
1059 587 1238 661 preconium
1253 586 1469 661 promissionis.

1355 694 1477 734 rossnss.

1037 767 1192 823 Benedicta
1202 766 1240 823 sit
1251 766 1338 822 unica
1347 766 1501 839 Progenies
1510 765 1826 839 Divinitatis,idemque

1000 856 1146 929 particeps
1160 859 1266 912 nostre
1283 855 1461 928 tragilitatis,
1474 854 1523 927 qui
1539 854 1620 924 te,tlli
1637 853 1824 926 Callimacho,

1000 945 1145 1019 parcendo
1160 943 1267 1001 oceidit
1281 948 1310 1001 et
1324 944 1481 1000 occidendo
1496 942 1725 1016 vivificavitquo
1738 961 1825 1001 suum

1000 1034 1115 1109 plasma
1129 1034 1232 1091 mortis
1247 1033 1344 1106 speeie
1360 1034 1396 1088 ab
1412 1033 1532 1089 interitu
1556 1030 1693 1089 liberaret
1708 1032 1823 1090 anime.

1319 1135 1507 1181 sennonteus.

1035 1215 1093 1273 Res
1106 1212 1235 1281 insolita,
1252 1213 1391 1287 omnique
1407 1210 1600 1270 admiratione
1615 1209 1717 1286 dignst

1349 1320 1471 1360 sonuuss.

1036 1393 1058 1452 0
1073 1394 1198 1466 Christe,
1213 1393 1316 1450 mundi
1333 1392 1504 1465 redemptio,
1517 1395 1546 1447 et
1558 1394 1744 1465 peccatorum
1759 1408 1826 1465 pro·

999 1484 1123 1558 pitiutio,
1141 1483 1277 1557 qualibus
1292 1482 1414 1539 laudum
1432 1480 1584 1553 preconiis
1600 1485 1629 1536 te
1644 1479 1733 1537 talem
1748 1481 1825 1539 cole·

999 1574 1082 1630 brem
1097 1573 1349 1647 ignorolixpaveo
1363 1570 1406 1627 toi
1422 1570 1579 1644 benignam
1595 1569 1781 1627 clementiam
1797 1576 1827 1628 et

999 1663 1172 1720 clementem
1189 1660 1426 1735 patientiam,qui
1443 1663 1596 1733 peccantes
1610 1675 1689 1717 nunc
1703 1661 1825 1731 patemo

1000 1760 1081 1809 more
1096 1750 1247 1807 tolerando
1262 1748 1417 1816 blandiris,
1429 1764 1507 1804 nunc
1517 1749 1599 1819 justo
1615 1747 1767 1805 severitate
1781 1765 1827 1805 ca·

1002 1840 1138 1914 stigando
1154 1840 1190 1896 ad
1207 1837 1409 1911 poenitentiam
1425 1836 1514 1909 cogis.

1320 1939 1506 1984 sonnonroos.

1021 2056 1024 2063 -
1039 2021 1116 2076 Laus
1130 2018 1195 2091 ejus
1210 2017 1314 2074 divine
1329 2014 1440 2090 pietati.

1349 2119 1481 2164 sesnnss.

1038 2201 1109 2266 Quis
1124 2199 1245 2256 auderet
1254 2195 1487 2268 credere,quisve
1498 2198 1828 2271 presumeretsperare,

1003 2293 1037 2346 ut
1050 2288 1139 2356 huno,
1156 2303 1244 2359 quem
1261 2284 1428 2355 criminosis
1443 2284 1592 2340 intentum
1603 2283 1683 2340 vitiis
1693 2300 1773 2341 mors
1788 2284 1830 2341 in·

1002 2377 1081 2435 venit
1095 2381 1124 2433 at
1138 2377 1289 2433 inventum
1304 2373 1437 2444 obstulit,
1452 2373 1495 2428 tui
1519 2372 1667 2429 miseratio
1682 2373 1719 2430 ad
1738 2374 1828 2431 vitam

1002 2468 1137 2536 excitare,
1154 2466 1191 2522 ad
1207 2463 1322 2522 veniam
1338 2463 1509 2537 dignaretur
1528 2462 1681 2533 reparare?
1706 2462 1749 2519 Sit
1774 2481 1829 2521 no·

1003 2558 1170 2614 montaum
1187 2555 1322 2610 sanetum
1338 2551 1524 2607 benedictum
1540 2549 1570 2605 in
1586 2548 1702 2619 secula,
1712 2551 1762 2624 qui
1778 2569 1828 2609 so·

1003 2645 1050 2702 lus
1065 2644 1136 2702 lacis
1152 2642 1299 2715 stupenda
1314 2639 1471 2696 mirabilia.

1322 2742 1507 2787 sennonteus.

1038 2825 1100 2894 dia,
1117 2826 1217 2880 sancte
1231 2821 1368 2887 loannes,
1385 2822 1414 2874 et
1428 2835 1474 2874 mc
1490 2817 1634 2875 consolari
1657 2835 1692 2874 ne
1717 2819 1825 2875 tardes.

1003 2915 1077 2972 Nam
1093 2909 1256 2984 conjugalis
1267 2925 1349 2965 amor
1360 2908 1510 2964 Drusianae
1521 2924 1617 2964 meam
1628 2907 1706 2963 haud
1718 2907 1828 2981 patitur

1004 3007 1133 3060 mentem
1148 2999 1319 3066 consistere,
1336 2997 1391 3053 nisi
1418 3000 1446 3053 et
1470 2997 1565 3069 ipsum
1589 2996 1766 3068 quantocius
1788 2995 1828 3052 vi·

1004 3094 1089 3158 deam
1104 3093 1301 3147 resurrectum
1312 3086 1363 3144 ire.

1351 3189 1481 3233 ioannes.

1038 3270 1195 3338 Drusiana,
1210 3267 1364 3324 resuscitet
1379 3271 1407 3322 te
1422 3266 1564 3321 Dominus
1579 3265 1667 3322 Jcsus
1681 3264 1826 3322 Christus.

1340 3370 1487 3414 onustans.

1038 3451 1115 3507 Laus
1130 3454 1159 3507 et
1173 3449 1267 3505 bonor
1281 3445 1344 3514 tibi,
1361 3446 1486 3514 Christe,
1502 3445 1552 3518 qui
1569 3461 1615 3500 me
1633 3443 1728 3502 iecisti
1752 3443 1828 3501 revi-
1878 3504 1883 3509 ,

1001 3539 1122 3597 viscere.

1312 3637 1517 3682 concisiones.

1038 3715 1195 3791 Sospitatis
1210 3713 1321 3771 auctori
1336 3716 1443 3785 grates,
1467 3712 1516 3784 qui
1533 3715 1572 3783 te,
1587 3727 1653 3767 mea
1671 3709 1826 3779 Drusiana,

1003 3821 1154 3880 resurgere
1170 3804 1250 3860 dedit
1265 3803 1294 3858 in
1311 3801 1421 3871 letitia,
1437 3818 1500 3873 que
1516 3800 1595 3873 gravi
1621 3815 1688 3854 oum
1709 3797 1828 3856 tristitia

1003 3895 1051 3953 dia
1066 3893 1236 3968 fungebaris
1251 3896 1389 3949 extrema.

1340 3994 1489 4039 snosssns.

1038 4075 1126 4131 Decet
1141 4074 1184 4130 tui
1199 4071 1397 4142 sanctitatem,
1414 4069 1577 4127 venerande
1591 4068 1675 4125 Pater
1689 4069 1828 4139 loannes,

1003 4167 1036 4221 ut
1051 4162 1223 4220 resuscitato
1238 4159 1427 4228 Callimacho,
1443 4158 1494 4231 qui
1519 4175 1565 4214 me
1591 4157 1691 4215 illicite
1709 4158 1829 4226 amavit,

1003 4257 1032 4309 et
1047 4253 1124 4309 hunc
1140 4249 1360 4322 resuscites,qui
1372 4249 1429 4306 mei
1439 4249 1570 4323 proditor
1584 4249 1695 4305 funeris
1705 4249 1828 4306 exstitit.

1313 4352 1520 4397 csnnmscnos.

1011 4436 1014 4441 '
1040 4432 1082 4489 Ne
1096 4432 1219 4504 dignum
1235 4430 1336 4499 ducos,
1348 4428 1455 4485 Christi
1471 4427 1693 4501 apostole,bunc
1704 4429 1830 4501 prodito

961 4535 986 4601 Β
1003 4539 1076 4591 rom,
1090 4521 1169 4577 huuc
1184 4518 1401 4575 malefactorem
1425 4536 1442 4574 a
1464 4517 1589 4575 vinculis
1614 4518 1717 4575 mortis
1732 4517 1828 4576 absol·

1002 4626 1078 4680 vere,
1096 4610 1145 4682 qui
1162 4625 1209 4665 me
1224 4607 1349 4680 decepit,
1365 4625 1412 4664 mo
1437 4608 1561 4675 seduxit,
1587 4623 1692 4679 meque
1716 4607 1753 4665 ad
1776 4625 1827 4665 au·

1004 4700 1133 4757 dendum
1148 4697 1288 4756 horribile
1303 4697 1417 4753 lacinus
1433 4695 1607 4769 provocavit.

1347 4800 1478 4844 ioannes.

1038 4879 1101 4935 Nou
1111 4878 1201 4934 debes
1216 4875 1258 4932 illi
1275 4875 1403 4932 invidere
1410 4874 1825 4949 grndamdivinaclemcntie.

1323 4980 1508 5021 csssiascaos.

1039 5057 1102 5112 Nou
1117 5052 1253 5112 estenim
1277 5051 1384 5125 dignus
1408 5053 1630 5117 resurreetione,
1653 5053 1704 5126 qui
1728 5059 1830 5113 auctor

1005 5144 1117 5201 exstitit
1131 5141 1304 5216 perditionis
1320 5141 1430 5198 aliene.

1352 5244 1483 5289 ioannes.

1040 5322 1097 5378 Lex
1110 5323 1216 5378 nostra
1231 5319 1381 5392 religionis
1394 5321 1487 5387 docet,
1504 5324 1537 5377 ut
1551 5321 1639 5376 homo
1654 5321 1767 5378 homini
1788 5324 1830 5378 di-

1003 5409 1105 5480 mittit,
1121 5409 1145 5467 si
1160 5410 1223 5482 ipsc
1237 5409 1288 5467 8⁰
1304 5427 1321 5465 a
1335 5410 1394 5464 Deo
1409 5408 1518 5464 dimitti
1532 5410 1651 5465 ambiat.

1323 5509 1507 5554 sennonteus.

1037 5588 1166 5646 iustum.
