3900 6090
116 256 177 324 d'i'l
686 250 737 316 Dii
759 250 951 314 llllGlltllNll
973 249 1263 318 MONAGHORUM.
1762 256 1823 322 trs
1933 339 1936 346 .

117 389 376 460 confirmaverunt,
387 384 487 446 sevila
497 385 602 445 comite
613 389 686 462 yugo
699 386 806 462 regula
818 386 941 445 deditos.
957 386 987 455 Α
1002 402 1084 459 cura,
1095 389 1123 443 et
1133 404 1308 461 magnopere
1319 385 1469 445 excellenti
1475 387 1588 464 jugiter
1597 386 1660 448 sine
1674 387 1823 449 intermis-

118 485 174 542 has
190 483 345 539 adnotatas
360 495 475 535 merum
492 479 719 534 consuetudines
734 478 883 535 ccurmuni
900 495 947 550 pa·
1001 476 1083 532 sione
1098 478 1253 545 cbstodiat‚
1270 494 1323 533 nec
1344 477 1530 551 episcopatus
1552 480 1704 537 occasione
1717 477 1824 554 regule

117 572 179 631 lam
191 571 341 628 custodire
351 569 579 626 conversatione.
590 568 731 624 Caeterum
743 568 947 639 unusquisque
1001 566 1341 637 praeoptatumidus,vol
1350 566 1510 623 obliviosus
1520 571 1629 624 temere
1639 568 1825 636 intermittat,

119 661 243 720 secretis
258 658 382 716 Oratorii
399 657 481 723 locis,
497 658 527 712 in
550 661 693 729 quantum
710 656 802 713 sancti
820 655 947 728 Spiritus
1001 656 1052 711 sed
1064 659 1207 727 quantum
1218 655 1332 711 excellit
1347 656 1466 725 honoro,
1477 661 1593 713 tantum
1604 662 1633 713 ot
1643 674 1728 730 opere
1738 675 1827 714 secu-

120 750 215 826 gratia
229 748 388 804 clementer
399 745 581 819 instigaverit
592 746 790 817 peculiaribus
805 749 878 800 teste
888 744 946 799 Deo
1000 739 1107 799 larium
1123 758 1189 797 vcro
1205 742 1378 815 prioratum,
1391 761 1427 799 ne
1442 745 1477 800 ad
1495 745 1594 817 magni
1609 744 1725 801 ruinam
1741 745 1826 803 dotri-

121 856 188 897 cum
212 838 357 894 bonorum
379 852 499 908 operum
516 833 668 906 vigilantia
690 833 823 891 consulte
846 837 948 889 utatur
1001 829 1103 898 menti,
1119 830 1162 886 uti
1177 829 1247 885 olim
1272 831 1428 900 occideret,
1447 831 1654 889 miserabiliter
1669 834 1824 903 deveniret,

121 927 316 986 orationibus.
330 925 389 981 lloc
409 922 488 980 enirn
513 924 682 979 Dunstanus
706 922 842 995 egregius
858 922 948 993 hujus
1002 934 1109 990 magua
1124 917 1387 986 animadversione,
1403 923 1491 991 atque
1515 920 1702 977 anathemate
1717 922 1827 995 suscipi

121 1016 224 1091 patrie
240 1013 479 1085 archiepiscopus
504 1028 633 1085 praesago
650 1011 756 1067 allatus
781 1010 886 1084 spiritu
911 1011 947 1067 ad
1002 1006 1142 1063 coenobiis
1166 1007 1257 1062 sacris
1282 1007 1430 1078 sapienter
1444 1007 1641 1080 prohibentes,
1658 1009 1736 1082 rogis
1758 1013 1826 1066 tan-

122 1103 373 1162 corroboraudum
390 1101 502 1174 prefati
513 1099 661 1175 synodalis
676 1106 836 1157 conventus
851 1100 947 1156 conci·
1002 1096 1164 1163 tummodo‚
1177 1099 1205 1151 ct
1220 1096 1325 1169 regium
1340 1096 1506 1152 dominium
1520 1097 1556 1154 ad
1572 1097 1647 1154 sacri
1662 1096 1718 1155 loci
1734 1097 1829 1155 muni·

120 1193 267 1252 liabuluur
282 1191 401 1265 provide
416 1207 450 1247 ac
465 1191 611 1263 sapienter
626 1189 756 1245 addidit:
769 1194 802 1245 ut
816 1187 949 1246 videlicet
1003 1200 1082 1253 men,
1098 1188 1126 1240 et
1145 1184 1181 1241 od
1197 1184 1400 1241 ecclesiastice
1416 1184 1611 1258 possessionis
1634 1192 1827 1261 augmentum

122 1281 224 1339 nullus
233 1278 501 1348 monachorum,vel
512 1278 638 1350 alicujus
649 1277 763 1334 altioris
774 1280 885 1353 gradus
893 1277 946 1346 vir,
1002 1276 1067 1330 voto
1078 1291 1193 1347 semper
1204 1274 1383 1349 efflagitante
1394 1275 1514 1349 optabili
1526 1276 1756 1349 prudentissime
1766 1277 1829 1349 jus·

121 1365 949 1440 velinferiorissacretusanotimonialiumauderingredi
1004 1368 1115 1420 serunt.

123 1458 277 1517 lustrando
294 1459 482 1530 presumeret
499 1473 505 1512 :
522 1458 550 1512 et
564 1456 605 1524 hi,
617 1457 667 1528 qui
684 1454 846 1528 spiritualis
861 1456 950 1528 impe·
1037 1454 1080 1508 Ad
1098 1454 1255 1527 regisvero
1271 1454 1459 1528 obsequium,
1475 1457 1504 1512 et
1519 1455 1638 1530 reginae,
1655 1455 1754 1514 Patres
1769 1473 1829 1514 mo

124 1548 161 1604 rii
176 1547 350 1620 prioratum,
364 1545 400 1601 od
415 1544 577 1617 disciplina
600 1545 756 1601 utilitatem
771 1562 830 1601 non
845 1545 881 1601 ad
897 1562 949 1600 se·
1003 1543 1199 1600 nasteriorum
1216 1543 1392 1616 Matresquc,
1403 1544 1517 1618 quoties
1531 1545 1691 1618 expedierit
1704 1545 1741 1602 sd
1753 1545 1829 1604 sacri

124 1635 232 1694 cularh
247 1633 432 1709 tyrannidem
448 1637 627 1707 potentatus,
639 1650 727 1706 super
741 1650 791 1691 cas
806 1637 949 1699 exercent,
1004 1632 1139 1700 coenobii,
1152 1632 1198 1688 cui
1210 1637 1349 1705 presunt,
1359 1634 1516 1690 utilitatem
1528 1650 1595 1691 cum
1611 1633 1663 1691 Dei
1679 1634 1832 1703 timore,et

125 1726 166 1782 ita
181 1741 281 1793 suum,
297 1726 331 1780 ut
346 1724 449 1780 beatus
474 1722 606 1780 hortatur
621 1723 751 1781 isidorus
771 1727 949 1780 secretorum
1005 1720 1111 1794 regule
1122 1721 1308 1779 observantia
1322 1722 1474 1780 humiliter
1486 1723 1646 1780 accedant:
1660 1723 1831 1781 Potentibus

125 1817 286 1887 temperate
300 1810 478 1885 prevideant
501 1827 663 1882 acccssnm‚
682 1817 715 1869 ut
739 1828 839 1869 earum
866 1827 951 1886 rogu-
1004 1825 1072 1866 vero
1087 1827 1144 1866 non
1159 1827 1249 1867 causa
1262 1810 1445 1878 convivandi,
1457 1812 1507 1869 sed
1523 1828 1575 1884 pro
1591 1811 1761 1870 monasterii
1777 1812 1831 1869 uti·

126 1900 179 1959 lari
194 1900 387 1958 observantie
403 1899 525 1956 minime
540 1899 750 1958 contradicant.
1005 1897 1089 1971 litatp
1104 1903 1193 1972 atquo
1207 1900 1296 1956 etiam
1307 1898 1474 1958 defensione
1487 1899 1602 1973 quotics
1612 1899 1773 1974 expedierit
1782 1900 1833 1958 ob·

161 1990 194 2048 ld
219 1988 406 2047 solummodo
430 1989 583 2046 catholicis
599 1990 726 2064 regulari
747 1992 821 2065 jugo
845 1991 952 2048 deditis
1005 1986 1114 2059 viandi,
1131 1987 1209 2045 intra
1232 1988 1343 2047 infrave
1367 1987 1580 2047 monasterium
1603 1987 1752 2047 licentiam
1776 1987 1832 2047 bo-

126 2077 952 2153 attondendumcensuimus,neeaqueusuPetrum,pro
1006 2075 1105 2134 beant.

127 2185 206 2243 rege,
223 2184 259 2224 ae
271 2166 517 2234 benefactoribus,
531 2184 657 2240 quorum
673 2169 822 2225 beneficiis
838 2169 952 2226 Christo
1042 2165 1206 2239 Equitando
1227 2172 1337 2237 autem
1352 2169 1398 2225 vel
1419 2168 1532 2241 pedites
1556 2167 1612 2225 iter
1635 2169 1748 2241 agendo
1773 2184 1831 2226 non

127 2256 270 2332 largiente
280 2256 954 2339 pascimur,intercessionisoraminaconsuete
1006 2254 1109 2312 otiosis
1120 2256 1228 2313 fabulis
1237 2258 1408 2327 vacent,sed
1419 2258 1462 2315 vel
1478 2257 1651 2331 psalmodiis
1661 2258 1831 2327 inserviant,

128 2346 275 2413 cauimus,
291 2344 384 2401 nimia
396 2344 548 2401 velocitate
569 2345 732 2417 psallendo,
748 2345 840 2403 Deum
856 2348 953 2421 potius
1007 2342 1052 2399 vel
1062 2344 1097 2401 dc
1112 2363 1142 2402 ro
1158 2347 1323 2404 necessaria
1337 2352 1501 2420 opportuno
1515 2352 1648 2420 tempore
1662 2346 1831 2422 loquantur.

128 2432 952 2508 sdhacundiaminconsiderate,quodabsit,provocont,
1008 2432 1832 2511 Hocconsiderantesuthorasreguloresnoncquitando,

130 2538 220 2597 mam
235 2522 353 2596 provide
363 2523 399 2578 ed
415 2523 619 2595 peccaminum
633 2525 748 2581 veniam
764 2523 896 2581 invitent.
912 2524 955 2581 lta
1008 2523 1060 2577 sed
1072 2523 1108 2579 de
1123 2522 1207 2597 cquis
1217 2523 1378 2582 desiliendo
1394 2525 1634 2599 genuflectentes,
1646 2524 1704 2582 uisi
1714 2523 1777 2582 dics
1790 2525 1833 2580 ie-

130 2611 224 2686 igitur
249 2610 384 2668 hortante
412 2611 495 2667 Patre
520 2616 621 2668 nostro
643 2612 840 2681 Benedictino,
856 2613 956 2670 omnia
1009 2611 1083 2669 stiva
1099 2611 1195 2681 luerit,
1212 2613 1416 2670 convenienter
1435 2618 1469 2670 ut
1488 2612 1638 2688 potuerint
1652 2628 1720 2670 cum
1736 2612 1835 2669 divina

127 2699 270 2757 'distincte
284 2698 435 2773 psallendo
458 2699 674 2770 modificentur,
691 2707 724 2758 nt
747 2718 831 2759 mens
855 2707 956 2760 nostra
1009 2701 1234 2774 compunctione
1249 2702 1424 2774 compleant.
1441 2703 1614 2759 itinerantes
1629 2717 1696 2758 vero
1712 2715 1770 2758 non
1781 2700 1835 2772 ju·

132 2788 289 2846 concordet
301 2788 365 2845 voci
380 2793 486 2846 nostre
506 2794 536 2846 et
555 2789 712 2862 impleatur
727 2791 800 2849 illud
815 2792 956 2865 apostoli·
1009 2790 1158 2859 mucules,
1176 2791 1227 2848 sod
1242 2790 1369 2859 adultos,
1381 2808 1507 2864 quorum
1522 2788 1722 2848 admonitione
1737 2787 1835 2846 melio·

132 2893 200 2935 cunr
216 2893 225 2933 :
242 2878 366 2934 Psallam
382 2880 492 2951 spirita,
507 2880 626 2951 psaltem
648 2889 674 2936 ct
695 2888 793 2937 racab.
810 2882 841 2938 Si
857 2886 955 2939 autem
1009 2885 1122 2948 rentur,
1138 2897 1238 2938 secum
1254 2881 1438 2938 incomitata
1460 2881 1583 2949 ducaut;
1605 2879 1685 2936 domi
1699 2892 1766 2936 vero
1782 2878 1835 2935 de-

132 2982 184 3040 pro
207 2965 340 3040 qualibet
363 2966 548 3038 necessitate,
570 2968 641 3039 quid
664 2972 745 3025 entra
769 2986 956 3027 communem
1008 2973 1122 3043 gentas,
1139 2969 1438 3038 nonsolumlrstres,
1455 2969 1610 3025 sedetiam
1626 2966 1853 3038 abbatesado·¹

133 3054 276 3129 regularis
295 3055 517 3113 consuetudinis
540 3074 628 3114 usum
652 3058 820 3115 addendum
844 3059 956 3117 luerit:
1010 3057 1163 3127 lescentes,
1178 3058 1222 3115 vel
1242 3058 1381 3134 puerulos
1404 3076 1463 3115 non
1487 3057 1616 3116 brachiis
1630 3055 1836 3130 amplexando,

133 3143 239 3201 tandiu
267 3148 382 3217 agatur,
397 3146 495 3217 quoad
519 3162 614 3219 usque
637 3147 798 3219 negotium,
822 3165 873 3222 pro
898 3128 994 3222 qqu
1012 3147 1056 3205 vel
1067 3147 1158 3205 labris
1169 3147 1273 3205 leniter
1282 3146 1490 3218 deosculando,
1499 3147 1551 3206 scd
1562 3144 1734 3204 charitativo
1745 3141 1836 3203 animi

134 3232 243 3307 agitur,
259 3231 367 3289 Christi
383 3233 545 3307 opitulante
569 3233 664 3309 gratie
686 3236 866 3305 melioretur,
882 3243 911 3294 et
925 3241 958 3294 ut
1011 3236 1116 3295 allecta
1131 3237 1194 3294 sinc
1208 3237 1304 3294 verbis
1319 3237 1492 3295 adulatoriis
1508 3240 1672 3294 reverenter
1686 3251 1755 3291 oum
1770 3250 1835 3291 ms·

133 3322 483 3396 mntemptoarrogantie
497 3322 575 3379 tastu
590 3325 957 3396 gratissimusobedientiaa
1010 3323 1837 3400 gnacouteladiligantNecobsequiumprivatumquom·
1943 3363 1945 3368 -

133 3409 302 3484 acquiratur
315 3410 438 3482 fractus,
453 3416 482 3468 et
497 3414 606 3487 gradm
622 3413 671 3470 ille
686 3414 838 3489 regularis,
854 3416 883 3472 in
899 3433 957 3490 quo
1010 3416 1091 3490 piam
1102 3415 1289 3484 illorum,nec
1300 3415 1415 3484 saltem,
1426 3416 1482 3473 sub
1493 3412 1655 3488 spiritualis
1665 3412 1706 3469 rei
1716 3412 1837 3470 obtentu

134 3498 311 3572 precipitur,
322 3503 356 3556 ut
370 3500 444 3557 nihil
458 3505 525 3575 agot
540 3502 713 3570 monachus,
724 3504 781 3560 nisi
792 3507 870 3578 quod
880 3522 959 3562 cour·
1012 3504 1108 3562 solum
1124 3505 1266 3561 deducere
1282 3509 1476 3577 presumant3
1494 3504 1545 3560 scd
1561 3503 1603 3558 uti
1619 3501 1721 3576 regula
1734 3499 1837 3574 preci·

134 3586 232 3645 munis
248 3589 417 3646 monasterii
433 3590 595 3665 regula,vel
607 3593 753 3664 maiorum
769 3593 959 3651 cohortantur
1012 3595 1067 3666 pit,
1078 3594 1133 3650 sub
1149 3593 1195 3649 sui
1211 3592 1342 3650 custodis
1352 3592 1505 3666 vigilantia
1517 3591 1629 3665 jugiter
1642 3592 1771 3658 maneat,
1783 3604 1837 3645 neo

133 3675 277 3765 epompio,
298 3677 523 3752 diligentissime
547 3680 731 3736 custodiatur
747 3698 754 3736 ι
772 3699 958 3756 nequaquam
1011 3682 1075 3755 ipse
1090 3686 1192 3739 cuatos
1203 3698 1270 3738 cum
1283 3680 1399 3755 singulo
1415 3681 1513 3754 aliquo
1523 3678 1646 3756 puerulo
1660 3678 1724 3736 sino
1737 3677 1835 3747 tertio,

135 3763 257 3823 alterius
271 3771 503 3839 praesumptuose
515 3786 571 3825 usu
581 3771 888 3841 teneaturtemerario,
901 3771 958 3828 nisi
1013 3771 1063 3846 qui
1077 3770 1161 3827 testis
1177 3771 1306 3836 assistat,
1321 3768 1467 3842 migrandi
1488 3768 1636 3825 licentiam
1651 3765 1769 3835 habeat,
1785 3764 1836 3822 sod

135 3853 256 3912 coneilio
269 3854 402 3928 synodali
413 3855 762 3931 electumtraditumquc
773 3876 842 3916 cum
852 3860 958 3918 discre-
1013 3878 1065 3935 pro
1081 3876 1161 3917 moro
1177 3859 1262 3917 solito
1273 3875 1341 3915 cum
1356 3862 1418 3914 tota
1432 3857 1542 3929 schola,
1554 3857 1579 3914 si
1591 3873 1638 3915 res
1654 3852 1837 3913 rationabilis

136 3943 211 4001 tione
224 3944 369 4001 virtutum
384 3946 517 4003 omnium
534 3951 627 4004 matre
651 3948 687 4004 ab
713 3948 856 4006 universis
872 3950 960 4007 fuerit
1013 3948 1055 4006 ita
1069 3949 1205 4022 exegerit,
1217 3964 1275 4020 quo
1286 3963 1404 4004 neccsse
1419 3951 1474 4016 cst,
1487 3947 1542 4002 sub
1557 3945 1684 4013 silentio,
1695 3942 1740 4001 vel
1755 3941 1836 4016 psal·

137 4031 296 4090 catholicis.
343 4062 353 4079 ι
1014 4038 1120 4096 modiis
1135 4037 1318 4094 inserviendo
1334 4052 1400 4092 cum
1416 4034 1617 4092 benedictione
1631 4037 1686 4091 est.

168 4120 293 4180 Praisto
307 4123 442 4197 equidem
452 4123 585 4198 synodali
596 4125 789 4183 conciliabulo
799 4126 854 4183 hoc
869 4130 959 4184 otten-
1048 4127 1192 4184 Villarum
1207 4130 1305 4183 autem
1320 4124 1470 4194 circuitus,
1482 4123 1540 4180 nisi
1555 4121 1737 4180 necessitatis
1749 4137 1838 4179 causa

136 4208 266 4292 dudam
274 4226 449 4286 magnopere
457 4213 556 4270 cuncti
564 4213 800 4284 decreverunt,ut
807 4214 957 4286 abbatum,
1014 4233 1122 4290 magna
1137 4214 1321 4289 compulerit,
1334 4218 1363 4270 et
1378 4211 1549 4270 necessarie
1564 4209 1686 4269 rationis
1701 4208 1837 4268 discretio

137 4298 352 4359 abbatissarum
361 4300 463 4359 electio
472 4319 540 4359 cum
550 4302 627 4377 regis
635 4308 828 4370 consensu,et
837 4305 959 4362 consilio
1014 4306 1069 4362 hoc
1093 4305 1254 4373 dictaverit,
1275 4303 1408 4375 vagando
1431 4317 1618 4374 nequaquam
1643 4299 1837 4372 frequentent.

136 4390 245 4445 nnete
259 4388 367 4462 regule
390 4395 526 4463 ageretur
549 4392 735 4461 documento,
755 4392 958 4466 episcoporum
1015 4389 1424 4452 saeculariumverooonvivis
1437 4389 1494 4447 nisi
1513 4390 1586 4446 forte
1606 4387 1718 4444 itineris
1734 4384 1837 4460 hospi·

80 4538 83 4553 ι
136 4490 255 4548 quoque
276 4475 390 4544 electio,
406 4477 449 4534 uti
474 4479 626 4547 abbatum,
643 4479 811 4553 ubicunque
835 4482 865 4537 in
892 4483 960 4539 sede
976 4492 1001 4560 1)
1015 4483 1113 4541 talitas
1123 4481 1272 4555 inopinate
1287 4479 1497 4554 supervenerit,
1509 4477 1590 4534 nullo
1607 4477 1694 4534 modo
1704 4491 1780 4533 ausu
1792 4478 1838 4532 te·

135 4561 295 4637 epboopdi
310 4566 446 4623 monaehi
461 4569 611 4642 regulares
626 4573 845 4640 conversantur,
862 4570 886 4628 si
902 4571 961 4629 llo-
1016 4572 1141 4631 merorio
1151 4587 1205 4626 nee
1214 4568 1336 4642 prelati,
1347 4584 1402 4625 nec
1418 4569 1543 4641 suby'ecti
1559 4566 1639 4623 adire
1648 4566 1839 4638 presumant.

135 4652 207 4709 mini
217 4651 360 4727 largiente
369 4657 544 4729 gratiatanti
556 4658 704 4730 proiectus
715 4659 788 4714 inibi
798 4659 961 4718 monachus
1017 4661 1143 4717 licitum
1159 4676 1227 4726 cam
1243 4658 1379 4732 pondere,
1397 4673 1537 4715 mensura
1555 4659 1584 4713 ct
1602 4670 1735 4724 numero,
1749 4651 1842 4709 vcsti-

136 4740 257 4814 raporiri
269 4745 398 4814 potuerit
406 4747 509 4803 eodem
524 4747 611 4803 modo
627 4751 741 4820 agatur,
753 4765 806 4805 nec
818 4748 874 4806 alio
885 4767 961 4826 quo·
1015 4754 1089 4819 tum,
1102 4749 1261 4822 jejunium,
1274 4746 1494 4816 abstinentiam,
1505 4745 1637 4819 vigiliam
1657 4742 1840 4800 taciturnita-

136 4826 304 4887 libetuaodo
315 4832 386 4890 dum
397 4834 528 4907 ejusdem
540 4838 610 4892 sunt
621 4835 882 4908 conversationis,a
892 4855 962 4912 quo-
1015 4844 1086 4908 tem,
1100 4838 1270 4895 obedientia
1281 4835 1403 4902 bonum,
1416 4838 1445 4893 et
1455 4840 1559 4893 cetera
1571 4848 1694 4908 quaque
1708 4848 1773 4906 que
1787 4848 1841 4906 ps-

138 4933 225 4990 qusm
240 4925 446 4993 presumatur.
463 4924 494 4980 si
514 4928 613 4980 autem
634 4923 781 4996 imperitia
795 4924 961 4998 impedien-
1016 4928 1092 4986 troni
1103 4926 1195 4984 nostri
1206 4924 1353 4982 Benedicti
1363 4925 1520 4982 traditione
1530 4922 1702 4981 voluntarie
1713 4920 1841 4994 suscapi-

139 5007 229 5072 te,vel
245 5010 376 5081 peccatis
390 5013 636 5084 promerentibus,
647 5011 785 5086 talis,qui
801 5017 875 5071 tanti
891 5033 960 5090 gra·
1016 5035 1083 5075 mus
1101 5015 1217 5072 Domini
1240 5013 1332 5068 nostri
1350 5013 1421 5070 lesu
1440 5013 1548 5069 Christi
1569 5016 1726 5078 annuente,
1747 5010 1842 5081 gratis

139 5093 192 5152 das
203 5096 317 5154 honore
331 5099 439 5173 dignus
453 5103 501 5170 sit,
519 5101 548 5157 in
565 5101 666 5158 cadem
682 5103 905 5175 congregatione
920 5122 962 5162 re·
1016 5108 1087 5164 totis
1114 5103 1227 5159 viribus
1255 5101 1472 5171 custodientes,
1496 5102 1532 5157 de
1560 5099 1709 5157 consuetis
1732 5101 1841 5154 sancte

140 5184 222 5255 periri
237 5203 297 5243 non
314 5190 449 5260 potuerit,
467 5209 501 5248 cx
516 5189 573 5247 alio
588 5193 656 5246 noto
667 5191 880 5248 monachorum
896 5211 960 5250 mo·
1016 5194 1122 5268 regular
1147 5191 1278 5248 moribus
1302 5193 1362 5246 tem
1379 5190 1547 5264 aprmdieto
1568 5190 1652 5245 Patre
1673 5186 1839 5254 Bencdieto,

140 5273 264 5330 mario
279 5279 416 5334 concordi
428 5280 516 5353 regis,
526 5283 554 5335 et
566 5279 700 5350 lratrum,
711 5279 820 5352 quibus
832 5280 960 5339 dedicari
1016 5301 1106 5361 quam
1121 5300 1138 5338 a
1153 5280 1263 5336 sanctis
1287 5279 1474 5351 sequacibus,
1492 5282 1521 5336 et
1541 5277 1741 5334 imitatoribus
1765 5275 1840 5342 suis,

141 5358 361 5432 debetconsilio
371 5366 506 5441 eligatur.
519 5357 572 5435 Qui
586 5368 739 5424 ordinatus
754 5367 888 5424 videlicet
903 5371 961 5443 epi·
1016 5374 1113 5448 palam
1125 5386 1192 5426 cum
1207 5384 1314 5439 magna
1326 5363 1736 5438 examinisdiscussionejugi
1747 5366 1840 5420 custo

142 5462 241 5523 scopus
256 5453 286 5510 in
297 5455 436 5513 omnibus
447 5458 584 5514 cumdem
595 5473 706 5514 morem
718 5456 881 5529 regularem
892 5476 960 5516 cum
1016 5464 1085 5521 ditis
1101 5478 1167 5528 usu,
1183 5456 1312 5530 predicti
1338 5458 1414 5529 regis
1435 5459 1549 5515 monitu
1572 5455 1647 5524 heti,
1665 5471 1698 5511 ao
1721 5453 1839 5509 Petrum

80 5554 82 5563 ·
142 5541 288 5601 monacbis
297 5544 461 5618 suis,qucm
474 5546 564 5604 abbas
575 5550 654 5604 tenet
664 5545 816 5618 regularis,
827 5546 960 5622 diligenti
1015 5551 1147 5630 imperiis
1173 5545 1287 5618 confisi,
1311 5543 1443 5617 sollicite,
1461 5548 1503 5604 uti
1530 5544 1653 5625 polliciti
1676 5560 1791 5613 sumus,
1808 5543 1839 5604 iu
