<?xml version="1.0" encoding="UTF-8"?>
<!DOCTYPE html PUBLIC "-//W3C//DTD XHTML 1.0 Transitional//EN"
    "http://www.w3.org/TR/xhtml1/DTD/xhtml1-transitional.dtd">
<html xmlns="http://www.w3.org/1999/xhtml" xml:lang="en" lang="en">
 <head>
  <title>
</title>
<meta http-equiv="Content-Type" content="text/html;charset=utf-8" />
  <meta name='ocr-system' content='tesseract 3.04.00' />
  <meta name='ocr-capabilities' content='ocr_page ocr_carea ocr_par ocr_line ocrx_word'/>
</head>
<body>
  <div class='ocr_page' id='page_1' title='image "./patrologiaecurs49unkngoog_0218.png"; bbox 0 0 3900 6090; ppageno 0'>
   <div class='ocr_carea' id='block_1_1' title="bbox 114 308 176 369">
    <p class='ocr_par' dir='ltr' id='par_1_1' title="bbox 114 308 176 369">
     <span class='ocr_line' id='line_1_1' title="bbox 114 308 176 369; baseline 0.016 -1"><span class='ocrx_word' id='word_1_1' title='bbox 114 308 176 369; x_wconf 77' lang='lat' dir='ltr'>m</span> 
     </span>
    </p>
   </div>
   <div class='ocr_carea' id='block_1_2' title="bbox 920 302 1023 367">
    <p class='ocr_par' dir='ltr' id='par_1_2' title="bbox 920 302 1023 367">
     <span class='ocr_line' id='line_1_2' title="bbox 920 302 1023 367; baseline -0.01 -2"><span class='ocrx_word' id='word_1_2' title='bbox 920 302 1023 367; x_wconf 79' lang='lat' dir='ltr'>viru.</span> 
     </span>
    </p>
   </div>
   <div class='ocr_carea' id='block_1_3' title="bbox 1760 307 1821 371">
    <p class='ocr_par' dir='ltr' id='par_1_3' title="bbox 1760 307 1821 371">
     <span class='ocr_line' id='line_1_3' title="bbox 1760 307 1821 371; baseline -0.033 0"><span class='ocrx_word' id='word_1_3' title='bbox 1760 307 1821 371; x_wconf 81' lang='lat' dir='ltr'>us</span> 
     </span>
    </p>
   </div>
   <div class='ocr_carea' id='block_1_4' title="bbox 117 437 1820 540">
    <p class='ocr_par' dir='ltr' id='par_1_4' title="bbox 117 437 1820 540">
     <span class='ocr_line' id='line_1_4' title="bbox 117 437 1820 540; baseline 0.004 -44"><span class='ocrx_word' id='word_1_4' title='bbox 117 459 186 497; x_wconf 90' lang='lat' dir='ltr'>cunr</span> <span class='ocrx_word' id='word_1_5' title='bbox 202 441 401 498; x_wconf 82' lang='lat' dir='ltr'><strong>oblationibus</strong></span> <span class='ocrx_word' id='word_1_6' title='bbox 417 440 578 497; x_wconf 84' lang='lat' dir='ltr'>bestiarum</span> <span class='ocrx_word' id='word_1_7' title='bbox 591 444 729 508; x_wconf 82' lang='lat' dir='ltr'>rlel&#39;urtur,</span> <span class='ocrx_word' id='word_1_8' title='bbox 743 443 800 496; x_wconf 80' lang='lat' dir='ltr'>imo</span> <span class='ocrx_word' id='word_1_9' title='bbox 817 443 880 512; x_wconf 67' lang='lat' dir='ltr'>ipse</span> <span class='ocrx_word' id='word_1_10' title='bbox 897 441 943 493; x_wconf 88' lang='lat' dir='ltr'>tro-</span> <span class='ocrx_word' id='word_1_11' title='bbox 959 475 985 540; x_wconf 62' lang='lat' dir='ltr'><strong>A</strong></span> <span class='ocrx_word' id='word_1_12' title='bbox 1000 437 1060 490; x_wconf 72' lang='lat' dir='ltr'>brre</span> <span class='ocrx_word' id='word_1_13' title='bbox 1078 437 1185 492; x_wconf 87' lang='lat' dir='ltr'>ibidem</span> <span class='ocrx_word' id='word_1_14' title='bbox 1202 437 1229 491; x_wconf 92' lang='lat' dir='ltr'>iu</span> <span class='ocrx_word' id='word_1_15' title='bbox 1247 438 1369 495; x_wconf 85' lang='lat' dir='ltr'>llomino</span> <span class='ocrx_word' id='word_1_16' title='bbox 1394 443 1539 513; x_wconf 73' lang='lat' dir='ltr'>quievisse</span> <span class='ocrx_word' id='word_1_17' title='bbox 1554 445 1731 517; x_wconf 88' lang='lat' dir='ltr'>perhibetur.</span> <span class='ocrx_word' id='word_1_18' title='bbox 1748 448 1820 503; x_wconf 84' lang='lat' dir='ltr'>Cum</span> 
     </span>
    </p>
   </div>
   <div class='ocr_carea' id='block_1_5' title="bbox 96 528 953 1847">
    <p class='ocr_par' dir='ltr' id='par_1_5' title="bbox 96 528 953 1847">
     <span class='ocr_line' id='line_1_5' title="bbox 118 528 944 604; baseline -0.006 -18"><span class='ocrx_word' id='word_1_19' title='bbox 118 531 177 587; x_wconf 79' lang='lat' dir='ltr'>etia</span> <span class='ocrx_word' id='word_1_20' title='bbox 191 531 265 603; x_wconf 77' lang='lat' dir='ltr'>vira,</span> <span class='ocrx_word' id='word_1_21' title='bbox 283 537 385 588; x_wconf 89' lang='lat' dir='ltr'>sancta</span> <span class='ocrx_word' id='word_1_22' title='bbox 409 532 477 600; x_wconf 84' lang='lat' dir='ltr'>Deo,</span> <span class='ocrx_word' id='word_1_23' title='bbox 498 532 626 604; x_wconf 84' lang='lat' dir='ltr'>placens,</span> <span class='ocrx_word' id='word_1_24' title='bbox 639 532 767 587; x_wconf 82' lang='lat' dir='ltr'>ollertur.</span> <span class='ocrx_word' id='word_1_25' title='bbox 784 531 824 585; x_wconf 91' lang='lat' dir='ltr'>lbi</span> <span class='ocrx_word' id='word_1_26' title='bbox 843 528 900 583; x_wconf 88' lang='lat' dir='ltr'>illis</span> <span class='ocrx_word' id='word_1_27' title='bbox 916 528 944 581; x_wconf 90' lang='lat' dir='ltr'>iu</span> 
     </span>
     <span class='ocr_line' id='line_1_6' title="bbox 96 617 945 693; baseline -0.012 -15"><span class='ocrx_word' id='word_1_28' title='bbox 96 669 102 678; x_wconf 90' lang='lat'>.</span> <span class='ocrx_word' id='word_1_29' title='bbox 118 620 252 678; x_wconf 86' lang='lat' dir='ltr'>eratione</span> <span class='ocrx_word' id='word_1_30' title='bbox 267 622 508 692; x_wconf 85' lang='lat' dir='ltr'>pernoctantibus</span> <span class='ocrx_word' id='word_1_31' title='bbox 531 622 666 693; x_wconf 89' lang='lat' dir='ltr'>apparuit</span> <span class='ocrx_word' id='word_1_32' title='bbox 682 622 725 675; x_wconf 85' lang='lat' dir='ltr'>rir</span> <span class='ocrx_word' id='word_1_33' title='bbox 739 619 878 674; x_wconf 84' lang='lat' dir='ltr'>aethereos</span> <span class='ocrx_word' id='word_1_34' title='bbox 894 617 945 670; x_wconf 91' lang='lat' dir='ltr'>ba-</span> 
     </span>
     <span class='ocr_line' id='line_1_7' title="bbox 119 709 947 781; baseline -0.011 -14"><span class='ocrx_word' id='word_1_35' title='bbox 119 710 192 767; x_wconf 86' lang='lat' dir='ltr'>bens</span> <span class='ocrx_word' id='word_1_36' title='bbox 207 709 459 776; x_wconf 79' lang='lat' dir='ltr'>vultus,ctloeurrr</span> <span class='ocrx_word' id='word_1_37' title='bbox 472 710 541 764; x_wconf 82' lang='lat' dir='ltr'>dixit</span> <span class='ocrx_word' id='word_1_38' title='bbox 559 729 615 764; x_wconf 90' lang='lat' dir='ltr'>nou</span> <span class='ocrx_word' id='word_1_39' title='bbox 633 710 724 765; x_wconf 92' lang='lat' dir='ltr'>multo</span> <span class='ocrx_word' id='word_1_40' title='bbox 742 714 804 781; x_wconf 67' lang='lat' dir='ltr'>ped</span> <span class='ocrx_word' id='word_1_41' title='bbox 818 713 947 776; x_wconf 88' lang='lat' dir='ltr'>tempore</span> 
     </span>
     <span class='ocr_line' id='line_1_8' title="bbox 119 795 944 869; baseline -0.012 -14"><span class='ocrx_word' id='word_1_42' title='bbox 119 797 354 866; x_wconf 83' lang='lat' dir='ltr'>sublimandum,</span> <span class='ocrx_word' id='word_1_43' title='bbox 372 816 494 869; x_wconf 89' lang='lat' dir='ltr'>puerum</span> <span class='ocrx_word' id='word_1_44' title='bbox 511 799 617 853; x_wconf 86' lang='lat' dir='ltr'>ibidcnr</span> <span class='ocrx_word' id='word_1_45' title='bbox 637 799 692 852; x_wconf 83' lang='lat' dir='ltr'>ltro</span> <span class='ocrx_word' id='word_1_46' title='bbox 710 795 944 867; x_wconf 85' lang='lat' dir='ltr'>relinquendum,</span> 
     </span>
     <span class='ocr_line' id='line_1_9' title="bbox 119 884 945 958; baseline -0.011 -15"><span class='ocrx_word' id='word_1_47' title='bbox 119 891 149 943; x_wconf 85' lang='lat' dir='ltr'>ct</span> <span class='ocrx_word' id='word_1_48' title='bbox 165 888 284 942; x_wconf 87' lang='lat' dir='ltr'>beatum</span> <span class='ocrx_word' id='word_1_49' title='bbox 310 888 391 942; x_wconf 91' lang='lat' dir='ltr'>illurn</span> <span class='ocrx_word' id='word_1_50' title='bbox 417 906 469 958; x_wconf 85' lang='lat' dir='ltr'>per</span> <span class='ocrx_word' id='word_1_51' title='bbox 492 888 597 942; x_wconf 65' lang='lat' dir='ltr'>sarcula</span> <span class='ocrx_word' id='word_1_52' title='bbox 625 887 853 958; x_wconf 74' lang='lat' dir='ltr'>prrrrlicaurlum.</span> <span class='ocrx_word' id='word_1_53' title='bbox 871 884 945 938; x_wconf 85' lang='lat' dir='ltr'>Tum</span> 
     </span>
     <span class='ocr_line' id='line_1_10' title="bbox 120 973 946 1049; baseline -0.01 -17"><span class='ocrx_word' id='word_1_54' title='bbox 120 977 266 1032; x_wconf 72' lang='lat' dir='ltr'>mensoris</span> <span class='ocrx_word' id='word_1_55' title='bbox 280 977 440 1031; x_wconf 87' lang='lat' dir='ltr'>l&#39;uuiculum</span> <span class='ocrx_word' id='word_1_56' title='bbox 454 976 599 1049; x_wconf 86' lang='lat' dir='ltr'>perplana</span> <span class='ocrx_word' id='word_1_57' title='bbox 615 976 680 1030; x_wconf 91' lang='lat' dir='ltr'>atrii</span> <span class='ocrx_word' id='word_1_58' title='bbox 698 975 857 1030; x_wconf 83' lang='lat' dir='ltr'>extendens</span> <span class='ocrx_word' id='word_1_59' title='bbox 870 989 875 1026; x_wconf 95' lang='lat'><strong>:</strong></span> <span class='ocrx_word' id='word_1_60' title='bbox 888 973 946 1033; x_wconf 79' lang='lat' dir='ltr'>Sic,</span> 
     </span>
     <span class='ocr_line' id='line_1_11' title="bbox 121 1062 948 1136; baseline -0.007 -16"><span class='ocrx_word' id='word_1_61' title='bbox 121 1066 228 1136; x_wconf 87' lang='lat' dir='ltr'>inquit,</span> <span class='ocrx_word' id='word_1_62' title='bbox 236 1066 429 1120; x_wconf 68' lang='lat' dir='ltr'>reticeretur</span> <span class='ocrx_word' id='word_1_63' title='bbox 443 1066 523 1120; x_wconf 85' lang='lat' dir='ltr'>locus</span> <span class='ocrx_word' id='word_1_64' title='bbox 540 1067 592 1119; x_wconf 83' lang='lat' dir='ltr'>iste</span> <span class='ocrx_word' id='word_1_65' title='bbox 609 1066 644 1120; x_wconf 79' lang='lat' dir='ltr'>aa</span> <span class='ocrx_word' id='word_1_66' title='bbox 661 1064 850 1136; x_wconf 69' lang='lat' dir='ltr'>praeparanda</span> <span class='ocrx_word' id='word_1_67' title='bbox 861 1062 948 1116; x_wconf 79' lang='lat' dir='ltr'>corita</span> 
     </span>
     <span class='ocr_line' id='line_1_12' title="bbox 122 1153 947 1226; baseline -0.008 -18"><span class='ocrx_word' id='word_1_68' title='bbox 122 1154 242 1209; x_wconf 88' lang='lat' dir='ltr'>illorum</span> <span class='ocrx_word' id='word_1_69' title='bbox 260 1153 383 1208; x_wconf 86' lang='lat' dir='ltr'>llomino</span> <span class='ocrx_word' id='word_1_70' title='bbox 399 1155 447 1226; x_wconf 87' lang='lat' dir='ltr'>qui</span> <span class='ocrx_word' id='word_1_71' title='bbox 465 1156 492 1207; x_wconf 91' lang='lat' dir='ltr'>in</span> <span class='ocrx_word' id='word_1_72' title='bbox 511 1155 564 1209; x_wconf 90' lang='lat' dir='ltr'>lroc</span> <span class='ocrx_word' id='word_1_73' title='bbox 581 1153 641 1209; x_wconf 86' lang='lat' dir='ltr'>luco</span> <span class='ocrx_word' id='word_1_74' title='bbox 659 1172 708 1225; x_wconf 85' lang='lat' dir='ltr'>prr</span> <span class='ocrx_word' id='word_1_75' title='bbox 723 1153 800 1207; x_wconf 90' lang='lat' dir='ltr'>hunc</span> <span class='ocrx_word' id='word_1_76' title='bbox 824 1167 947 1223; x_wconf 89' lang='lat' dir='ltr'>puerum</span> 
     </span>
     <span class='ocr_line' id='line_1_13' title="bbox 122 1240 950 1310; baseline -0.008 -12"><span class='ocrx_word' id='word_1_77' title='bbox 122 1242 181 1298; x_wconf 83' lang='lat' dir='ltr'>Deo</span> <span class='ocrx_word' id='word_1_78' title='bbox 196 1243 335 1296; x_wconf 82' lang='lat' dir='ltr'>credituri</span> <span class='ocrx_word' id='word_1_79' title='bbox 353 1243 515 1310; x_wconf 75' lang='lat' dir='ltr'>suetonis</span> <span class='ocrx_word' id='word_1_80' title='bbox 526 1242 565 1296; x_wconf 96' lang='lat' dir='ltr'>illi</span> <span class='ocrx_word' id='word_1_81' title='bbox 578 1243 749 1297; x_wconf 66' lang='lat' dir='ltr'>revelatione</span> <span class='ocrx_word' id='word_1_82' title='bbox 764 1240 950 1295; x_wconf 86' lang='lat' dir='ltr'>vehementer</span> 
     </span>
     <span class='ocr_line' id='line_1_14' title="bbox 124 1327 948 1404; baseline -0.005 -19"><span class='ocrx_word' id='word_1_83' title='bbox 124 1332 229 1404; x_wconf 78' lang='lat' dir='ltr'>gavisi,</span> <span class='ocrx_word' id='word_1_84' title='bbox 247 1332 407 1386; x_wconf 83' lang='lat' dir='ltr'>immensas</span> <span class='ocrx_word' id='word_1_85' title='bbox 422 1332 613 1402; x_wconf 83' lang='lat' dir='ltr'>omnipotenti</span> <span class='ocrx_word' id='word_1_86' title='bbox 643 1333 700 1386; x_wconf 83' lang='lat' dir='ltr'>Deo</span> <span class='ocrx_word' id='word_1_87' title='bbox 723 1330 824 1385; x_wconf 85' lang='lat' dir='ltr'>laudes</span> <span class='ocrx_word' id='word_1_88' title='bbox 841 1327 948 1401; x_wconf 83' lang='lat' dir='ltr'>persol-</span> 
     </span>
     <span class='ocr_line' id='line_1_15' title="bbox 124 1418 950 1491; baseline -0.005 -17"><span class='ocrx_word' id='word_1_89' title='bbox 124 1426 207 1487; x_wconf 84' lang='lat' dir='ltr'>vunt,</span> <span class='ocrx_word' id='word_1_90' title='bbox 225 1421 465 1475; x_wconf 71' lang='lat' dir='ltr'>commendantes</span> <span class='ocrx_word' id='word_1_91' title='bbox 489 1437 612 1491; x_wconf 87' lang='lat' dir='ltr'>puerum</span> <span class='ocrx_word' id='word_1_92' title='bbox 640 1421 668 1474; x_wconf 91' lang='lat' dir='ltr'>iu</span> <span class='ocrx_word' id='word_1_93' title='bbox 691 1418 809 1491; x_wconf 84' lang='lat' dir='ltr'>templu¹</span> <span class='ocrx_word' id='word_1_94' title='bbox 826 1424 858 1473; x_wconf 91' lang='lat' dir='ltr'>ut</span> <span class='ocrx_word' id='word_1_95' title='bbox 874 1421 950 1471; x_wconf 86' lang='lat' dir='ltr'>esset</span> 
     </span>
     <span class='ocr_line' id='line_1_16' title="bbox 126 1507 948 1580; baseline -0.005 -17"><span class='ocrx_word' id='word_1_96' title='bbox 126 1507 211 1563; x_wconf 73' lang='lat' dir='ltr'>Levis</span> <span class='ocrx_word' id='word_1_97' title='bbox 227 1509 408 1573; x_wconf 70' lang='lat' dir='ltr'>Dominari</span> <span class='ocrx_word' id='word_1_98' title='bbox 424 1509 517 1580; x_wconf 87' lang='lat' dir='ltr'>portio</span> <span class='ocrx_word' id='word_1_99' title='bbox 543 1509 622 1564; x_wconf 91' lang='lat' dir='ltr'>illius</span> <span class='ocrx_word' id='word_1_100' title='bbox 648 1509 788 1563; x_wconf 81' lang='lat' dir='ltr'>Dominus</span> <span class='ocrx_word' id='word_1_101' title='bbox 803 1508 948 1568; x_wconf 80' lang='lat' dir='ltr'>existeret,</span> 
     </span>
     <span class='ocr_line' id='line_1_17' title="bbox 126 1596 952 1670; baseline -0.002 -19"><span class='ocrx_word' id='word_1_102' title='bbox 126 1597 378 1669; x_wconf 83' lang='lat' dir='ltr'>quemadmodum</span> <span class='ocrx_word' id='word_1_103' title='bbox 408 1598 497 1670; x_wconf 72' lang='lat' dir='ltr'>illapsi</span> <span class='ocrx_word' id='word_1_104' title='bbox 524 1598 702 1665; x_wconf 88' lang='lat' dir='ltr'>dictumest,</span> <span class='ocrx_word' id='word_1_105' title='bbox 719 1614 786 1652; x_wconf 93' lang='lat' dir='ltr'>cum</span> <span class='ocrx_word' id='word_1_106' title='bbox 810 1596 952 1650; x_wconf 83' lang='lat' dir='ltr'>‹lirideret</span> 
     </span>
     <span class='ocr_line' id='line_1_18' title="bbox 125 1684 953 1758; baseline -0.006 -16"><span class='ocrx_word' id='word_1_107' title='bbox 125 1685 294 1743; x_wconf 72' lang='lat' dir='ltr'>ludaeorum</span> <span class='ocrx_word' id='word_1_108' title='bbox 311 1686 474 1758; x_wconf 84' lang='lat' dir='ltr'>partribus</span> <span class='ocrx_word' id='word_1_109' title='bbox 502 1686 633 1758; x_wconf 86' lang='lat' dir='ltr'>singulas</span> <span class='ocrx_word' id='word_1_110' title='bbox 656 1685 810 1740; x_wconf 88' lang='lat' dir='ltr'>incolatus.</span> <span class='ocrx_word' id='word_1_111' title='bbox 827 1684 884 1739; x_wconf 83' lang='lat' dir='ltr'>Nee</span> <span class='ocrx_word' id='word_1_112' title='bbox 899 1684 953 1738; x_wconf 85' lang='lat' dir='ltr'>erit</span> 
     </span>
     <span class='ocr_line' id='line_1_19' title="bbox 126 1775 951 1847; baseline -0.006 -16"><span class='ocrx_word' id='word_1_113' title='bbox 126 1775 213 1831; x_wconf 74' lang='lat' dir='ltr'>ritae·</span> <span class='ocrx_word' id='word_1_114' title='bbox 222 1776 287 1830; x_wconf 85' lang='lat' dir='ltr'>Lcri</span> <span class='ocrx_word' id='word_1_115' title='bbox 299 1792 358 1832; x_wconf 76' lang='lat' dir='ltr'>sors</span> <span class='ocrx_word' id='word_1_116' title='bbox 369 1777 546 1847; x_wconf 68' lang='lat' dir='ltr'>interfectae</span> <span class='ocrx_word' id='word_1_117' title='bbox 562 1792 635 1841; x_wconf 81' lang='lat' dir='ltr'>suos,</span> <span class='ocrx_word' id='word_1_118' title='bbox 650 1775 717 1830; x_wconf 79' lang='lat' dir='ltr'>dicit</span> <span class='ocrx_word' id='word_1_119' title='bbox 730 1776 870 1839; x_wconf 79' lang='lat' dir='ltr'>lloruiuas,</span> <span class='ocrx_word' id='word_1_120' title='bbox 887 1775 951 1844; x_wconf 83' lang='lat' dir='ltr'>quia</span> 
     </span>
    </p>
   </div>
   <div class='ocr_carea' id='block_1_6' title="bbox 1000 525 1831 1842">
    <p class='ocr_par' dir='ltr' id='par_1_6' title="bbox 1000 525 1824 1134">
     <span class='ocr_line' id='line_1_20' title="bbox 1000 525 1822 596; baseline 0.016 -16"><span class='ocrx_word' id='word_1_121' title='bbox 1000 541 1068 596; x_wconf 81' lang='lat' dir='ltr'>crgo</span> <span class='ocrx_word' id='word_1_122' title='bbox 1084 525 1113 580; x_wconf 93' lang='lat' dir='ltr'>bi</span> <span class='ocrx_word' id='word_1_123' title='bbox 1131 525 1203 581; x_wconf 89' lang='lat' dir='ltr'>tales</span> <span class='ocrx_word' id='word_1_124' title='bbox 1218 527 1270 582; x_wconf 84' lang='lat' dir='ltr'>riri</span> <span class='ocrx_word' id='word_1_125' title='bbox 1285 526 1393 586; x_wconf 87' lang='lat' dir='ltr'>talibus</span> <span class='ocrx_word' id='word_1_126' title='bbox 1408 531 1443 586; x_wconf 92' lang='lat' dir='ltr'>de</span> <span class='ocrx_word' id='word_1_127' title='bbox 1458 534 1555 588; x_wconf 84' lang='lat' dir='ltr'>causis</span> <span class='ocrx_word' id='word_1_128' title='bbox 1584 535 1762 591; x_wconf 85' lang='lat' dir='ltr'>Glcstoniam</span> <span class='ocrx_word' id='word_1_129' title='bbox 1778 553 1822 593; x_wconf 87' lang='lat' dir='ltr'>ve·</span> 
     </span>
     <span class='ocr_line' id='line_1_21' title="bbox 1001 613 1821 690; baseline 0.016 -23"><span class='ocrx_word' id='word_1_130' title='bbox 1001 613 1101 677; x_wconf 81' lang='lat' dir='ltr'>nisset,</span> <span class='ocrx_word' id='word_1_131' title='bbox 1119 632 1171 669; x_wconf 90' lang='lat' dir='ltr'>nec</span> <span class='ocrx_word' id='word_1_132' title='bbox 1186 621 1282 671; x_wconf 86' lang='lat' dir='ltr'>tamen</span> <span class='ocrx_word' id='word_1_133' title='bbox 1307 618 1451 689; x_wconf 86' lang='lat' dir='ltr'>quidquid</span> <span class='ocrx_word' id='word_1_134' title='bbox 1471 621 1525 675; x_wconf 90' lang='lat' dir='ltr'>sibi</span> <span class='ocrx_word' id='word_1_135' title='bbox 1537 623 1734 679; x_wconf 88' lang='lat' dir='ltr'>necessarium</span> <span class='ocrx_word' id='word_1_136' title='bbox 1750 629 1821 690; x_wconf 88' lang='lat' dir='ltr'>crat,</span> 
     </span>
     <span class='ocr_line' id='line_1_22' title="bbox 1000 703 1823 786; baseline 0.015 -29"><span class='ocrx_word' id='word_1_137' title='bbox 1000 703 1249 758; x_wconf 79' lang='lat' dir='ltr'>sut&#39;licieutissime</span> <span class='ocrx_word' id='word_1_138' title='bbox 1262 706 1288 760; x_wconf 93' lang='lat' dir='ltr'>in</span> <span class='ocrx_word' id='word_1_139' title='bbox 1300 706 1362 761; x_wconf 90' lang='lat' dir='ltr'>laco</span> <span class='ocrx_word' id='word_1_140' title='bbox 1374 709 1559 779; x_wconf 81' lang='lat' dir='ltr'>reperisse-ut,</span> <span class='ocrx_word' id='word_1_141' title='bbox 1572 713 1736 786; x_wconf 81' lang='lat' dir='ltr'>suscipiunt</span> <span class='ocrx_word' id='word_1_142' title='bbox 1748 712 1823 769; x_wconf 80' lang='lat' dir='ltr'>filios</span> 
     </span>
     <span class='ocr_line' id='line_1_23' title="bbox 1002 789 1823 874; baseline 0.015 -30"><span class='ocrx_word' id='word_1_143' title='bbox 1002 789 1143 845; x_wconf 90' lang='lat' dir='ltr'>nobilium</span> <span class='ocrx_word' id='word_1_144' title='bbox 1172 791 1343 850; x_wconf 72' lang='lat' dir='ltr'>liberalibus</span> <span class='ocrx_word' id='word_1_145' title='bbox 1369 798 1475 852; x_wconf 83' lang='lat' dir='ltr'>studiis</span> <span class='ocrx_word' id='word_1_146' title='bbox 1498 800 1681 867; x_wconf 84' lang='lat' dir='ltr'>imbuendus,</span> <span class='ocrx_word' id='word_1_147' title='bbox 1699 803 1823 874; x_wconf 91' lang='lat' dir='ltr'>utquod</span> 
     </span>
     <span class='ocr_line' id='line_1_24' title="bbox 1002 879 1824 962; baseline 0.015 -30"><span class='ocrx_word' id='word_1_148' title='bbox 1002 879 1145 934; x_wconf 79' lang='lat' dir='ltr'>minusad</span> <span class='ocrx_word' id='word_1_149' title='bbox 1159 899 1243 934; x_wconf 82' lang='lat' dir='ltr'>usum</span> <span class='ocrx_word' id='word_1_150' title='bbox 1260 881 1313 935; x_wconf 88' lang='lat' dir='ltr'>lori</span> <span class='ocrx_word' id='word_1_151' title='bbox 1328 885 1445 939; x_wconf 85' lang='lat' dir='ltr'>ubertas</span> <span class='ocrx_word' id='word_1_152' title='bbox 1461 888 1618 957; x_wconf 78' lang='lat' dir='ltr'>exhiberet,</span> <span class='ocrx_word' id='word_1_153' title='bbox 1633 907 1732 944; x_wconf 88' lang='lat' dir='ltr'>corum</span> <span class='ocrx_word' id='word_1_154' title='bbox 1750 905 1824 962; x_wconf 90' lang='lat' dir='ltr'>quos</span> 
     </span>
     <span class='ocr_line' id='line_1_25' title="bbox 1001 967 1533 1030; baseline 0.013 -8"><span class='ocrx_word' id='word_1_155' title='bbox 1001 967 1144 1023; x_wconf 85' lang='lat' dir='ltr'>docebant</span> <span class='ocrx_word' id='word_1_156' title='bbox 1160 969 1331 1025; x_wconf 86' lang='lat' dir='ltr'>liberalitate</span> <span class='ocrx_word' id='word_1_157' title='bbox 1348 973 1533 1030; x_wconf 77' lang='lat' dir='ltr'>redundaret.</span> 
     </span>
     <span class='ocr_line' id='line_1_26' title="bbox 1109 1056 1716 1134; baseline 0.02 -25"><span class='ocrx_word' id='word_1_158' title='bbox 1109 1056 1197 1112; x_wconf 76' lang='lat' dir='ltr'>llorbe</span> <span class='ocrx_word' id='word_1_159' title='bbox 1211 1068 1347 1130; x_wconf 76' lang='lat' dir='ltr'>correptae</span> <span class='ocrx_word' id='word_1_160' title='bbox 1364 1063 1433 1116; x_wconf 82' lang='lat' dir='ltr'>urim</span> <span class='ocrx_word' id='word_1_161' title='bbox 1448 1066 1515 1131; x_wconf 75' lang='lat' dir='ltr'>ferit</span> <span class='ocrx_word' id='word_1_162' title='bbox 1528 1066 1624 1134; x_wconf 80' lang='lat' dir='ltr'>errprlo</span> <span class='ocrx_word' id='word_1_163' title='bbox 1640 1065 1716 1121; x_wconf 84' lang='lat' dir='ltr'>duce.</span> 
     </span>
    </p>

    <p class='ocr_par' dir='ltr' id='par_1_7' title="bbox 1004 1146 1831 1842">
     <span class='ocr_line' id='line_1_27' title="bbox 1036 1146 1827 1225; baseline 0.019 -27"><span class='ocrx_word' id='word_1_164' title='bbox 1036 1146 1160 1199; x_wconf 83' lang='lat' dir='ltr'>7.rldcst</span> <span class='ocrx_word' id='word_1_165' title='bbox 1170 1148 1446 1218; x_wconf 78' lang='lat' dir='ltr'>ergonobilissimus</span> <span class='ocrx_word' id='word_1_166' title='bbox 1458 1152 1485 1205; x_wconf 91' lang='lat' dir='ltr'>in</span> <span class='ocrx_word' id='word_1_167' title='bbox 1496 1151 1611 1209; x_wconf 83' lang='lat' dir='ltr'>Christo</span> <span class='ocrx_word' id='word_1_168' title='bbox 1623 1157 1827 1225; x_wconf 84' lang='lat' dir='ltr'>puerllunsta·</span> 
     </span>
     <span class='ocr_line' id='line_1_28' title="bbox 1004 1234 1826 1317; baseline 0.016 -30"><span class='ocrx_word' id='word_1_169' title='bbox 1004 1252 1059 1289; x_wconf 92' lang='lat' dir='ltr'>nus</span> <span class='ocrx_word' id='word_1_170' title='bbox 1070 1234 1229 1290; x_wconf 79' lang='lat' dir='ltr'>interalios</span> <span class='ocrx_word' id='word_1_171' title='bbox 1246 1254 1331 1303; x_wconf 92' lang='lat' dir='ltr'>unus,</span> <span class='ocrx_word' id='word_1_172' title='bbox 1347 1237 1404 1292; x_wconf 91' lang='lat' dir='ltr'>ima</span> <span class='ocrx_word' id='word_1_173' title='bbox 1420 1257 1478 1311; x_wconf 81' lang='lat' dir='ltr'>prm</span> <span class='ocrx_word' id='word_1_174' title='bbox 1494 1241 1558 1298; x_wconf 84' lang='lat' dir='ltr'>aliis</span> <span class='ocrx_word' id='word_1_175' title='bbox 1574 1243 1721 1311; x_wconf 89' lang='lat' dir='ltr'>solus,ubi</span> <span class='ocrx_word' id='word_1_176' title='bbox 1739 1245 1826 1317; x_wconf 91' lang='lat' dir='ltr'>paulo</span> 
     </span>
     <span class='ocr_line' id='line_1_29' title="bbox 1004 1323 1827 1404; baseline 0.015 -26"><span class='ocrx_word' id='word_1_177' title='bbox 1004 1323 1172 1396; x_wconf 86' lang='lat' dir='ltr'>diligentius</span> <span class='ocrx_word' id='word_1_178' title='bbox 1184 1341 1272 1394; x_wconf 84' lang='lat' dir='ltr'>qumn</span> <span class='ocrx_word' id='word_1_179' title='bbox 1285 1325 1430 1382; x_wconf 80' lang='lat' dir='ltr'>imbecilla</span> <span class='ocrx_word' id='word_1_180' title='bbox 1444 1335 1514 1383; x_wconf 74' lang='lat' dir='ltr'>atas</span> <span class='ocrx_word' id='word_1_181' title='bbox 1527 1330 1598 1386; x_wconf 85' lang='lat' dir='ltr'>lerre</span> <span class='ocrx_word' id='word_1_182' title='bbox 1610 1332 1827 1404; x_wconf 85' lang='lat' dir='ltr'>posset,littere·</span> 
     </span>
     <span class='ocr_line' id='line_1_30' title="bbox 1004 1413 1827 1497; baseline 0.015 -31"><span class='ocrx_word' id='word_1_183' title='bbox 1004 1430 1070 1467; x_wconf 88' lang='lat' dir='ltr'>rum</span> <span class='ocrx_word' id='word_1_184' title='bbox 1087 1413 1183 1467; x_wconf 86' lang='lat' dir='ltr'>studio</span> <span class='ocrx_word' id='word_1_185' title='bbox 1208 1414 1338 1469; x_wconf 87' lang='lat' dir='ltr'>intentus</span> <span class='ocrx_word' id='word_1_186' title='bbox 1363 1418 1504 1473; x_wconf 84' lang='lat' dir='ltr'>acerrimo</span> <span class='ocrx_word' id='word_1_187' title='bbox 1528 1421 1556 1475; x_wconf 92' lang='lat' dir='ltr'>in</span> <span class='ocrx_word' id='word_1_188' title='bbox 1582 1422 1687 1479; x_wconf 90' lang='lat' dir='ltr'>lcuclle</span> <span class='ocrx_word' id='word_1_189' title='bbox 1708 1441 1827 1497; x_wconf 89' lang='lat' dir='ltr'>corpore</span> 
     </span>
     <span class='ocr_line' id='line_1_31' title="bbox 1004 1501 1826 1585; baseline 0.016 -30"><span class='ocrx_word' id='word_1_190' title='bbox 1004 1501 1143 1572; x_wconf 85' lang='lat' dir='ltr'>languore</span> <span class='ocrx_word' id='word_1_191' title='bbox 1155 1502 1377 1573; x_wconf 78' lang='lat' dir='ltr'>l&#39;atigaturadeo</span> <span class='ocrx_word' id='word_1_192' title='bbox 1389 1512 1419 1559; x_wconf 92' lang='lat' dir='ltr'>ut</span> <span class='ocrx_word' id='word_1_193' title='bbox 1432 1524 1481 1578; x_wconf 87' lang='lat' dir='ltr'>per</span> <span class='ocrx_word' id='word_1_194' title='bbox 1495 1509 1606 1581; x_wconf 83' lang='lat' dir='ltr'>aliquot</span> <span class='ocrx_word' id='word_1_195' title='bbox 1621 1512 1682 1567; x_wconf 88' lang='lat' dir='ltr'>dios</span> <span class='ocrx_word' id='word_1_196' title='bbox 1694 1530 1745 1568; x_wconf 84' lang='lat' dir='ltr'>nee</span> <span class='ocrx_word' id='word_1_197' title='bbox 1756 1513 1826 1585; x_wconf 91' lang='lat' dir='ltr'>quid</span> 
     </span>
     <span class='ocr_line' id='line_1_32' title="bbox 1005 1592 1826 1670; baseline 0.017 -26"><span class='ocrx_word' id='word_1_198' title='bbox 1005 1596 1112 1661; x_wconf 85' lang='lat' dir='ltr'>egeret,</span> <span class='ocrx_word' id='word_1_199' title='bbox 1142 1608 1194 1646; x_wconf 92' lang='lat' dir='ltr'>ucc</span> <span class='ocrx_word' id='word_1_200' title='bbox 1223 1592 1292 1663; x_wconf 93' lang='lat' dir='ltr'>quid</span> <span class='ocrx_word' id='word_1_201' title='bbox 1321 1594 1357 1648; x_wconf 87' lang='lat' dir='ltr'>ab</span> <span class='ocrx_word' id='word_1_202' title='bbox 1386 1594 1451 1650; x_wconf 89' lang='lat' dir='ltr'>aliis</span> <span class='ocrx_word' id='word_1_203' title='bbox 1484 1605 1618 1670; x_wconf 84' lang='lat' dir='ltr'>ageretur</span> <span class='ocrx_word' id='word_1_204' title='bbox 1655 1601 1826 1658; x_wconf 87' lang='lat' dir='ltr'>intenderet.</span> 
     </span>
     <span class='ocr_line' id='line_1_33' title="bbox 1007 1677 1830 1760; baseline 0.018 -28"><span class='ocrx_word' id='word_1_205' title='bbox 1007 1677 1103 1732; x_wconf 84' lang='lat' dir='ltr'>Flebat</span> <span class='ocrx_word' id='word_1_206' title='bbox 1116 1684 1212 1734; x_wconf 89' lang='lat' dir='ltr'>autern</span> <span class='ocrx_word' id='word_1_207' title='bbox 1229 1680 1469 1739; x_wconf 84' lang='lat' dir='ltr'>scholasticorum</span> <span class='ocrx_word' id='word_1_208' title='bbox 1482 1693 1625 1744; x_wconf 71' lang='lat' dir='ltr'>coaetanea</span> <span class='ocrx_word' id='word_1_209' title='bbox 1635 1691 1732 1760; x_wconf 89' lang='lat' dir='ltr'>turba,</span> <span class='ocrx_word' id='word_1_210' title='bbox 1742 1691 1830 1747; x_wconf 87' lang='lat' dir='ltr'>flebat</span> 
     </span>
     <span class='ocr_line' id='line_1_34' title="bbox 1006 1766 1831 1842; baseline 0.022 -24"><span class='ocrx_word' id='word_1_211' title='bbox 1006 1768 1066 1820; x_wconf 91' lang='lat' dir='ltr'>teta</span> <span class='ocrx_word' id='word_1_212' title='bbox 1080 1766 1196 1832; x_wconf 90' lang='lat' dir='ltr'>domus,</span> <span class='ocrx_word' id='word_1_213' title='bbox 1215 1769 1324 1824; x_wconf 86' lang='lat' dir='ltr'>iamilia</span> <span class='ocrx_word' id='word_1_214' title='bbox 1339 1770 1412 1842; x_wconf 88' lang='lat' dir='ltr'>ipsu,</span> <span class='ocrx_word' id='word_1_215' title='bbox 1427 1774 1559 1832; x_wconf 80' lang='lat' dir='ltr'>doctores</span> <span class='ocrx_word' id='word_1_216' title='bbox 1575 1780 1758 1835; x_wconf 81' lang='lat' dir='ltr'>recordantes</span> <span class='ocrx_word' id='word_1_217' title='bbox 1771 1796 1831 1836; x_wconf 81' lang='lat' dir='ltr'>mo·</span> 
     </span>
    </p>
   </div>
   <div class='ocr_carea' id='block_1_7' title="bbox 125 1842 1919 1938">
    <p class='ocr_par' dir='ltr' id='par_1_8' title="bbox 125 1842 1919 1938">
     <span class='ocr_line' id='line_1_35' title="bbox 125 1842 1919 1938; baseline 0.002 -18"><span class='ocrx_word' id='word_1_218' title='bbox 125 1864 257 1920; x_wconf 75' lang='lat' dir='ltr'>[tammus</span> <span class='ocrx_word' id='word_1_219' title='bbox 273 1866 419 1938; x_wconf 75' lang='lat' dir='ltr'>ltcaspers</span> <span class='ocrx_word' id='word_1_220' title='bbox 442 1867 554 1921; x_wconf 83' lang='lat' dir='ltr'>illerum</span> <span class='ocrx_word' id='word_1_221' title='bbox 577 1874 625 1920; x_wconf 79' lang='lat' dir='ltr'>ret.</span> <span class='ocrx_word' id='word_1_222' title='bbox 642 1842 1128 1921; x_wconf 68' lang='lat' dir='ltr'>eurueureseim-Beretum</span> <span class='ocrx_word' id='word_1_223' title='bbox 1155 1857 1248 1927; x_wconf 90' lang='lat' dir='ltr'>pueri,</span> <span class='ocrx_word' id='word_1_224' title='bbox 1275 1858 1435 1930; x_wconf 79' lang='lat' dir='ltr'>ingenium,</span> <span class='ocrx_word' id='word_1_225' title='bbox 1467 1864 1659 1933; x_wconf 74' lang='lat' dir='ltr'>risibilitatem,</span> <span class='ocrx_word' id='word_1_226' title='bbox 1687 1868 1830 1924; x_wconf 90' lang='lat' dir='ltr'>educatio·</span> <span class='ocrx_word' id='word_1_227' title='bbox 1909 1876 1919 1892; x_wconf 77' lang='lat'><em>⁶</em></span> 
     </span>
    </p>
   </div>
   <div class='ocr_carea' id='block_1_8' title="bbox 126 1950 976 3179">
    <p class='ocr_par' dir='ltr' id='par_1_9' title="bbox 126 1950 976 2824">
     <span class='ocr_line' id='line_1_36' title="bbox 126 1950 949 2026; baseline -0.004 -18"><span class='ocrx_word' id='word_1_228' title='bbox 126 1953 198 2009; x_wconf 88' lang='lat' dir='ltr'>dens</span> <span class='ocrx_word' id='word_1_229' title='bbox 213 1969 245 2009; x_wconf 91' lang='lat' dir='ltr'>se</span> <span class='ocrx_word' id='word_1_230' title='bbox 260 1954 423 2026; x_wconf 89' lang='lat' dir='ltr'>portionem</span> <span class='ocrx_word' id='word_1_231' title='bbox 440 1954 469 2008; x_wconf 91' lang='lat' dir='ltr'>iu</span> <span class='ocrx_word' id='word_1_232' title='bbox 490 1955 547 2010; x_wconf 88' lang='lat' dir='ltr'>Deo</span> <span class='ocrx_word' id='word_1_233' title='bbox 569 1953 684 2020; x_wconf 86' lang='lat' dir='ltr'>babere,</span> <span class='ocrx_word' id='word_1_234' title='bbox 704 1969 759 2007; x_wconf 89' lang='lat' dir='ltr'>nen</span> <span class='ocrx_word' id='word_1_235' title='bbox 775 1950 804 2005; x_wconf 91' lang='lat' dir='ltr'>in</span> <span class='ocrx_word' id='word_1_236' title='bbox 822 1950 949 2006; x_wconf 74' lang='lat' dir='ltr'>seculo:</span> 
     </span>
     <span class='ocr_line' id='line_1_37' title="bbox 127 2040 953 2115; baseline -0.005 -17"><span class='ocrx_word' id='word_1_237' title='bbox 127 2043 283 2113; x_wconf 72' lang='lat' dir='ltr'>arpentum,</span> <span class='ocrx_word' id='word_1_238' title='bbox 301 2043 405 2115; x_wconf 87' lang='lat' dir='ltr'>inquit,</span> <span class='ocrx_word' id='word_1_239' title='bbox 421 2051 447 2098; x_wconf 88' lang='lat' dir='ltr'>ct</span> <span class='ocrx_word' id='word_1_240' title='bbox 469 2061 570 2098; x_wconf 82' lang='lat' dir='ltr'>aarum</span> <span class='ocrx_word' id='word_1_241' title='bbox 584 2058 639 2097; x_wconf 80' lang='lat' dir='ltr'>urm</span> <span class='ocrx_word' id='word_1_242' title='bbox 654 2041 747 2106; x_wconf 85' lang='lat' dir='ltr'>lrebre,</span> <span class='ocrx_word' id='word_1_243' title='bbox 762 2041 807 2096; x_wconf 84' lang='lat' dir='ltr'>sed</span> <span class='ocrx_word' id='word_1_244' title='bbox 823 2040 892 2112; x_wconf 84' lang='lat' dir='ltr'>quod</span> <span class='ocrx_word' id='word_1_245' title='bbox 907 2041 953 2095; x_wconf 82' lang='lat' dir='ltr'>lra-</span> 
     </span>
     <span class='ocr_line' id='line_1_38' title="bbox 128 2131 976 2200; baseline -0.005 -12"><span class='ocrx_word' id='word_1_246' title='bbox 128 2131 237 2188; x_wconf 78' lang='lat' dir='ltr'>teeltor</span> <span class='ocrx_word' id='word_1_247' title='bbox 252 2131 351 2187; x_wconf 80' lang='lat' dir='ltr'>tilido</span> <span class='ocrx_word' id='word_1_248' title='bbox 367 2151 377 2186; x_wconf 89' lang='lat'><em>:</em></span> <span class='ocrx_word' id='word_1_249' title='bbox 392 2133 425 2186; x_wconf 83' lang='lat' dir='ltr'>la</span> <span class='ocrx_word' id='word_1_250' title='bbox 447 2135 558 2187; x_wconf 76' lang='lat' dir='ltr'>neeriae</span> <span class='ocrx_word' id='word_1_251' title='bbox 580 2134 656 2187; x_wconf 74' lang='lat' dir='ltr'>lesus</span> <span class='ocrx_word' id='word_1_252' title='bbox 680 2134 816 2188; x_wconf 76' lang='lat' dir='ltr'>ltrrzarrur&#39;</span> <span class='ocrx_word' id='word_1_253' title='bbox 834 2147 915 2200; x_wconf 68' lang='lat' dir='ltr'>seqre</span> <span class='ocrx_word' id='word_1_254' title='bbox 928 2137 954 2184; x_wconf 87' lang='lat' dir='ltr'>rt</span> <span class='ocrx_word' id='word_1_255' title='bbox 973 2139 976 2144; x_wconf 84' lang='grc'><em>“</em></span> 
     </span>
     <span class='ocr_line' id='line_1_39' title="bbox 127 2220 952 2288; baseline -0.005 -12"><span class='ocrx_word' id='word_1_256' title='bbox 127 2220 248 2276; x_wconf 64' lang='lat' dir='ltr'>matam.</span> <span class='ocrx_word' id='word_1_257' title='bbox 266 2220 325 2276; x_wconf 88' lang='lat' dir='ltr'>lloe</span> <span class='ocrx_word' id='word_1_258' title='bbox 340 2225 386 2276; x_wconf 91' lang='lat' dir='ltr'>est</span> <span class='ocrx_word' id='word_1_259' title='bbox 403 2237 409 2273; x_wconf 87' lang='lat'>:</span> <span class='ocrx_word' id='word_1_260' title='bbox 426 2223 537 2275; x_wconf 85' lang='lat' dir='ltr'>Aurum</span> <span class='ocrx_word' id='word_1_261' title='bbox 564 2237 619 2274; x_wconf 89' lang='lat' dir='ltr'>nen</span> <span class='ocrx_word' id='word_1_262' title='bbox 636 2224 679 2274; x_wconf 85' lang='lat' dir='ltr'>ost</span> <span class='ocrx_word' id='word_1_263' title='bbox 696 2221 789 2288; x_wconf 90' lang='lat' dir='ltr'>portio</span> <span class='ocrx_word' id='word_1_264' title='bbox 807 2237 889 2278; x_wconf 72' lang='lat' dir='ltr'>mea:</span> <span class='ocrx_word' id='word_1_265' title='bbox 907 2238 952 2272; x_wconf 87' lang='lat' dir='ltr'>ar-</span> 
     </span>
     <span class='ocr_line' id='line_1_40' title="bbox 127 2309 952 2381; baseline 0 -19"><span class='ocrx_word' id='word_1_266' title='bbox 127 2314 248 2381; x_wconf 88' lang='lat' dir='ltr'>gentum</span> <span class='ocrx_word' id='word_1_267' title='bbox 261 2325 317 2364; x_wconf 91' lang='lat' dir='ltr'>non</span> <span class='ocrx_word' id='word_1_268' title='bbox 330 2312 373 2364; x_wconf 89' lang='lat' dir='ltr'>cst</span> <span class='ocrx_word' id='word_1_269' title='bbox 385 2310 478 2380; x_wconf 90' lang='lat' dir='ltr'>portio</span> <span class='ocrx_word' id='word_1_270' title='bbox 487 2326 565 2364; x_wconf 87' lang='lat' dir='ltr'>raca:</span> <span class='ocrx_word' id='word_1_271' title='bbox 575 2310 670 2380; x_wconf 91' lang='lat' dir='ltr'>portio</span> <span class='ocrx_word' id='word_1_272' title='bbox 681 2326 746 2363; x_wconf 92' lang='lat' dir='ltr'>mea</span> <span class='ocrx_word' id='word_1_273' title='bbox 755 2309 952 2363; x_wconf 85' lang='lat' dir='ltr'>Cbristuscst.</span> 
     </span>
     <span class='ocr_line' id='line_1_41' title="bbox 129 2397 953 2464; baseline -0.004 -12"><span class='ocrx_word' id='word_1_274' title='bbox 129 2397 186 2453; x_wconf 89' lang='lat' dir='ltr'>lloc</span> <span class='ocrx_word' id='word_1_275' title='bbox 211 2415 318 2453; x_wconf 92' lang='lat' dir='ltr'>nomen</span> <span class='ocrx_word' id='word_1_276' title='bbox 346 2399 531 2464; x_wconf 80' lang='lat' dir='ltr'>munificum,</span> <span class='ocrx_word' id='word_1_277' title='bbox 547 2397 601 2453; x_wconf 92' lang='lat' dir='ltr'>boc</span> <span class='ocrx_word' id='word_1_278' title='bbox 625 2414 729 2453; x_wconf 87' lang='lat' dir='ltr'>nomen</span> <span class='ocrx_word' id='word_1_279' title='bbox 746 2397 818 2452; x_wconf 91' lang='lat' dir='ltr'>mibi</span> <span class='ocrx_word' id='word_1_280' title='bbox 834 2403 879 2452; x_wconf 78' lang='lat' dir='ltr'>est</span> <span class='ocrx_word' id='word_1_281' title='bbox 895 2397 953 2451; x_wconf 90' lang='lat' dir='ltr'>lru·</span> 
     </span>
     <span class='ocr_line' id='line_1_42' title="bbox 127 2485 955 2559; baseline 0.001 -19"><span class='ocrx_word' id='word_1_282' title='bbox 127 2491 275 2541; x_wconf 88' lang='lat' dir='ltr'>ctuesum.</span> <span class='ocrx_word' id='word_1_283' title='bbox 292 2485 372 2542; x_wconf 83' lang='lat' dir='ltr'>Talis</span> <span class='ocrx_word' id='word_1_284' title='bbox 395 2502 463 2559; x_wconf 84' lang='lat' dir='ltr'>ergo</span> <span class='ocrx_word' id='word_1_285' title='bbox 487 2487 630 2559; x_wconf 86' lang='lat' dir='ltr'>portionis</span> <span class='ocrx_word' id='word_1_286' title='bbox 645 2491 772 2541; x_wconf 91' lang='lat' dir='ltr'>t&#39;ructum</span> <span class='ocrx_word' id='word_1_287' title='bbox 791 2485 955 2541; x_wconf 85' lang='lat' dir='ltr'>tirunculus</span> 
     </span>
     <span class='ocr_line' id='line_1_43' title="bbox 128 2574 953 2643; baseline -0.001 -13"><span class='ocrx_word' id='word_1_288' title='bbox 128 2574 236 2630; x_wconf 78' lang='lat' dir='ltr'>Christi</span> <span class='ocrx_word' id='word_1_289' title='bbox 248 2575 277 2629; x_wconf 92' lang='lat' dir='ltr'>in</span> <span class='ocrx_word' id='word_1_290' title='bbox 288 2574 391 2630; x_wconf 89' lang='lat' dir='ltr'>timore</span> <span class='ocrx_word' id='word_1_291' title='bbox 402 2581 503 2631; x_wconf 87' lang='lat' dir='ltr'>sancto</span> <span class='ocrx_word' id='word_1_292' title='bbox 514 2576 953 2643; x_wconf 70' lang='lat' dir='ltr'>assecutusassiduaministra-</span> 
     </span>
     <span class='ocr_line' id='line_1_44' title="bbox 128 2661 956 2736; baseline 0.001 -19"><span class='ocrx_word' id='word_1_293' title='bbox 128 2661 208 2718; x_wconf 90' lang='lat' dir='ltr'>tione</span> <span class='ocrx_word' id='word_1_294' title='bbox 238 2662 363 2718; x_wconf 90' lang='lat' dir='ltr'>Domino</span> <span class='ocrx_word' id='word_1_295' title='bbox 393 2661 546 2729; x_wconf 79' lang='lat' dir='ltr'>serviebat,</span> <span class='ocrx_word' id='word_1_296' title='bbox 565 2664 719 2735; x_wconf 79' lang='lat' dir='ltr'>proficiens</span> <span class='ocrx_word' id='word_1_297' title='bbox 749 2664 876 2736; x_wconf 88' lang='lat' dir='ltr'>quotidie</span> <span class='ocrx_word' id='word_1_298' title='bbox 896 2671 956 2720; x_wconf 88' lang='lat' dir='ltr'>tam</span> 
     </span>
     <span class='ocr_line' id='line_1_45' title="bbox 129 2752 893 2824; baseline -0.001 -17"><span class='ocrx_word' id='word_1_299' title='bbox 129 2752 298 2808; x_wconf 88' lang='lat' dir='ltr'>inscientia</span> <span class='ocrx_word' id='word_1_300' title='bbox 313 2753 430 2824; x_wconf 89' lang='lat' dir='ltr'>pietatis</span> <span class='ocrx_word' id='word_1_301' title='bbox 446 2769 534 2824; x_wconf 88' lang='lat' dir='ltr'>quarn</span> <span class='ocrx_word' id='word_1_302' title='bbox 552 2753 581 2807; x_wconf 93' lang='lat' dir='ltr'>iu</span> <span class='ocrx_word' id='word_1_303' title='bbox 599 2753 703 2808; x_wconf 77' lang='lat' dir='ltr'>uirtute</span> <span class='ocrx_word' id='word_1_304' title='bbox 718 2752 893 2808; x_wconf 85' lang='lat' dir='ltr'>sanctitatis.</span> 
     </span>
    </p>

    <p class='ocr_par' dir='ltr' id='par_1_10' title="bbox 128 2841 957 3179">
     <span class='ocr_line' id='line_1_46' title="bbox 161 2841 956 2913; baseline 0.001 -18"><span class='ocrx_word' id='word_1_305' title='bbox 161 2842 189 2896; x_wconf 84' lang='lat' dir='ltr'>a.</span> <span class='ocrx_word' id='word_1_306' title='bbox 206 2841 247 2897; x_wconf 82' lang='lat' dir='ltr'>Ea</span> <span class='ocrx_word' id='word_1_307' title='bbox 263 2847 433 2913; x_wconf 83' lang='lat' dir='ltr'>tempestate</span> <span class='ocrx_word' id='word_1_308' title='bbox 458 2841 607 2897; x_wconf 87' lang='lat' dir='ltr'>Glesteuia</span> <span class='ocrx_word' id='word_1_309' title='bbox 632 2841 778 2912; x_wconf 84' lang='lat' dir='ltr'>regalibus</span> <span class='ocrx_word' id='word_1_310' title='bbox 802 2841 956 2913; x_wconf 81' lang='lat' dir='ltr'>stipendiis</span> 
     </span>
     <span class='ocr_line' id='line_1_47' title="bbox 128 2928 956 3002; baseline 0 -18"><span class='ocrx_word' id='word_1_311' title='bbox 128 2929 245 2985; x_wconf 84' lang='lat' dir='ltr'>addicta</span> <span class='ocrx_word' id='word_1_312' title='bbox 261 2929 428 2985; x_wconf 72' lang='lat' dir='ltr'>monasticar</span> <span class='ocrx_word' id='word_1_313' title='bbox 454 2929 602 3002; x_wconf 89' lang='lat' dir='ltr'>religionis</span> <span class='ocrx_word' id='word_1_314' title='bbox 624 2928 741 3002; x_wconf 90' lang='lat' dir='ltr'>penitus</span> <span class='ocrx_word' id='word_1_315' title='bbox 764 2934 825 2984; x_wconf 87' lang='lat' dir='ltr'>erat</span> <span class='ocrx_word' id='word_1_316' title='bbox 844 2930 956 3001; x_wconf 89' lang='lat' dir='ltr'>ignara.</span> 
     </span>
     <span class='ocr_line' id='line_1_48' title="bbox 128 3017 956 3090; baseline 0.001 -17"><span class='ocrx_word' id='word_1_317' title='bbox 128 3017 267 3074; x_wconf 76' lang='lat' dir='ltr'>Nondum</span> <span class='ocrx_word' id='word_1_318' title='bbox 286 3019 365 3073; x_wconf 90' lang='lat' dir='ltr'>enim</span> <span class='ocrx_word' id='word_1_319' title='bbox 382 3019 410 3072; x_wconf 95' lang='lat' dir='ltr'>in</span> <span class='ocrx_word' id='word_1_320' title='bbox 427 3018 530 3090; x_wconf 70' lang='lat' dir='ltr'>anglia</span> <span class='ocrx_word' id='word_1_321' title='bbox 545 3020 582 3089; x_wconf 80' lang='lat' dir='ltr'>(l)</span> <span class='ocrx_word' id='word_1_322' title='bbox 597 3019 763 3074; x_wconf 89' lang='lat' dir='ltr'>communis</span> <span class='ocrx_word' id='word_1_323' title='bbox 789 3019 854 3072; x_wconf 80' lang='lat' dir='ltr'>vilre</span> <span class='ocrx_word' id='word_1_324' title='bbox 882 3019 956 3074; x_wconf 93' lang='lat' dir='ltr'>ratio</span> 
     </span>
     <span class='ocr_line' id='line_1_49' title="bbox 128 3106 957 3179; baseline 0 -16"><span class='ocrx_word' id='word_1_325' title='bbox 128 3106 288 3174; x_wconf 80' lang='lat' dir='ltr'>celebatur,</span> <span class='ocrx_word' id='word_1_326' title='bbox 306 3125 362 3162; x_wconf 94' lang='lat' dir='ltr'>nou</span> <span class='ocrx_word' id='word_1_327' title='bbox 378 3126 452 3164; x_wconf 86' lang='lat' dir='ltr'>usus</span> <span class='ocrx_word' id='word_1_328' title='bbox 468 3107 619 3163; x_wconf 84' lang='lat' dir='ltr'>deserendi</span> <span class='ocrx_word' id='word_1_329' title='bbox 636 3108 768 3179; x_wconf 87' lang='lat' dir='ltr'>proprias</span> <span class='ocrx_word' id='word_1_330' title='bbox 793 3108 957 3163; x_wconf 81' lang='lat' dir='ltr'>uoluntates</span> 
     </span>
    </p>
   </div>
   <div class='ocr_carea' id='block_1_9' title="bbox 1007 1944 1834 3182">
    <p class='ocr_par' dir='ltr' id='par_1_11' title="bbox 1007 1944 1834 3182">
     <span class='ocr_line' id='line_1_50' title="bbox 1007 1944 1830 2030; baseline 0.021 -33"><span class='ocrx_word' id='word_1_331' title='bbox 1007 1959 1084 1998; x_wconf 90' lang='lat' dir='ltr'>nem.</span> <span class='ocrx_word' id='word_1_332' title='bbox 1110 1944 1253 2016; x_wconf 85' lang='lat' dir='ltr'>Curaque,</span> <span class='ocrx_word' id='word_1_333' title='bbox 1274 1947 1336 2017; x_wconf 85' lang='lat' dir='ltr'>jam</span> <span class='ocrx_word' id='word_1_334' title='bbox 1361 1949 1391 2003; x_wconf 91' lang='lat' dir='ltr'>in</span> <span class='ocrx_word' id='word_1_335' title='bbox 1416 1949 1515 2006; x_wconf 87' lang='lat' dir='ltr'>limine</span> <span class='ocrx_word' id='word_1_336' title='bbox 1540 1970 1619 2010; x_wconf 89' lang='lat' dir='ltr'>mers</span> <span class='ocrx_word' id='word_1_337' title='bbox 1649 1957 1751 2013; x_wconf 88' lang='lat' dir='ltr'>adesse</span> <span class='ocrx_word' id='word_1_338' title='bbox 1774 1975 1830 2030; x_wconf 90' lang='lat' dir='ltr'>pu·</span> 
     </span>
     <span class='ocr_line' id='line_1_51' title="bbox 1007 2033 1830 2118; baseline 0.021 -32"><span class='ocrx_word' id='word_1_339' title='bbox 1007 2035 1128 2099; x_wconf 88' lang='lat' dir='ltr'>teretur,</span> <span class='ocrx_word' id='word_1_340' title='bbox 1146 2033 1277 2106; x_wconf 88' lang='lat' dir='ltr'>nihilque</span> <span class='ocrx_word' id='word_1_341' title='bbox 1303 2036 1380 2092; x_wconf 87' lang='lat' dir='ltr'>aliud</span> <span class='ocrx_word' id='word_1_342' title='bbox 1405 2057 1493 2110; x_wconf 89' lang='lat' dir='ltr'>quaer</span> <span class='ocrx_word' id='word_1_343' title='bbox 1518 2042 1629 2099; x_wconf 79' lang='lat' dir='ltr'>funeris</span> <span class='ocrx_word' id='word_1_344' title='bbox 1656 2045 1830 2118; x_wconf 81' lang='lat' dir='ltr'>obsequium</span> 
     </span>
     <span class='ocr_line' id='line_1_52' title="bbox 1008 2121 1832 2202; baseline 0.022 -28"><span class='ocrx_word' id='word_1_345' title='bbox 1008 2121 1207 2186; x_wconf 87' lang='lat' dir='ltr'>meditaretur,</span> <span class='ocrx_word' id='word_1_346' title='bbox 1255 2140 1321 2179; x_wconf 87' lang='lat' dir='ltr'>eece</span> <span class='ocrx_word' id='word_1_347' title='bbox 1368 2127 1544 2202; x_wconf 89' lang='lat' dir='ltr'>intempesta</span> <span class='ocrx_word' id='word_1_348' title='bbox 1591 2138 1673 2188; x_wconf 89' lang='lat' dir='ltr'>necto</span> <span class='ocrx_word' id='word_1_349' title='bbox 1705 2135 1832 2192; x_wconf 75' lang='lat' dir='ltr'>celestis</span> 
     </span>
     <span class='ocr_line' id='line_1_53' title="bbox 1009 2208 1831 2296; baseline 0.024 -34"><span class='ocrx_word' id='word_1_350' title='bbox 1009 2208 1091 2264; x_wconf 82' lang='lat' dir='ltr'>illuni</span> <span class='ocrx_word' id='word_1_351' title='bbox 1120 2212 1266 2268; x_wconf 88' lang='lat' dir='ltr'>medicina</span> <span class='ocrx_word' id='word_1_352' title='bbox 1295 2215 1403 2285; x_wconf 82' lang='lat' dir='ltr'>revisit,</span> <span class='ocrx_word' id='word_1_353' title='bbox 1424 2233 1512 2288; x_wconf 88' lang='lat' dir='ltr'>quam</span> <span class='ocrx_word' id='word_1_354' title='bbox 1540 2219 1566 2275; x_wconf 92' lang='lat' dir='ltr'>ei</span> <span class='ocrx_word' id='word_1_355' title='bbox 1591 2238 1642 2293; x_wconf 89' lang='lat' dir='ltr'>per</span> <span class='ocrx_word' id='word_1_356' title='bbox 1666 2224 1831 2296; x_wconf 85' lang='lat' dir='ltr'>angelicum</span> 
     </span>
     <span class='ocr_line' id='line_1_54' title="bbox 1009 2300 1831 2384; baseline 0.024 -33"><span class='ocrx_word' id='word_1_357' title='bbox 1009 2300 1205 2354; x_wconf 84' lang='lat' dir='ltr'>ministerium</span> <span class='ocrx_word' id='word_1_358' title='bbox 1222 2301 1355 2358; x_wconf 85' lang='lat' dir='ltr'>Christus</span> <span class='ocrx_word' id='word_1_359' title='bbox 1370 2305 1510 2362; x_wconf 85' lang='lat' dir='ltr'>exhibuit.</span> <span class='ocrx_word' id='word_1_360' title='bbox 1534 2311 1580 2374; x_wconf 77' lang='lat' dir='ltr'>At,</span> <span class='ocrx_word' id='word_1_361' title='bbox 1604 2328 1640 2366; x_wconf 92' lang='lat' dir='ltr'>ne</span> <span class='ocrx_word' id='word_1_362' title='bbox 1655 2329 1714 2384; x_wconf 88' lang='lat' dir='ltr'>qua</span> <span class='ocrx_word' id='word_1_363' title='bbox 1727 2314 1831 2370; x_wconf 88' lang='lat' dir='ltr'>salutis</span> 
     </span>
     <span class='ocr_line' id='line_1_55' title="bbox 1008 2388 1830 2472; baseline 0.024 -31"><span class='ocrx_word' id='word_1_364' title='bbox 1008 2388 1205 2444; x_wconf 74' lang='lat' dir='ltr'>innecteretur</span> <span class='ocrx_word' id='word_1_365' title='bbox 1220 2408 1312 2457; x_wconf 89' lang='lat' dir='ltr'>ruera,</span> <span class='ocrx_word' id='word_1_366' title='bbox 1323 2393 1372 2447; x_wconf 92' lang='lat' dir='ltr'>ubi</span> <span class='ocrx_word' id='word_1_367' title='bbox 1384 2395 1482 2452; x_wconf 79' lang='lat' dir='ltr'>diuina</span> <span class='ocrx_word' id='word_1_368' title='bbox 1496 2407 1666 2469; x_wconf 83' lang='lat' dir='ltr'>prorencrat</span> <span class='ocrx_word' id='word_1_369' title='bbox 1676 2403 1830 2472; x_wconf 82' lang='lat' dir='ltr'>medicina,</span> 
     </span>
     <span class='ocr_line' id='line_1_56' title="bbox 1009 2477 1832 2564; baseline 0.023 -34"><span class='ocrx_word' id='word_1_370' title='bbox 1009 2477 1161 2531; x_wconf 87' lang='lat' dir='ltr'>conl&#39;estim</span> <span class='ocrx_word' id='word_1_371' title='bbox 1179 2479 1214 2532; x_wconf 88' lang='lat' dir='ltr'>dc</span> <span class='ocrx_word' id='word_1_372' title='bbox 1230 2478 1335 2535; x_wconf 92' lang='lat' dir='ltr'>lectulo</span> <span class='ocrx_word' id='word_1_373' title='bbox 1363 2499 1488 2555; x_wconf 81' lang='lat' dir='ltr'>surgens</span> <span class='ocrx_word' id='word_1_374' title='bbox 1502 2487 1621 2554; x_wconf 88' lang='lat' dir='ltr'>doloris,</span> <span class='ocrx_word' id='word_1_375' title='bbox 1637 2492 1672 2545; x_wconf 90' lang='lat' dir='ltr'>ad</span> <span class='ocrx_word' id='word_1_376' title='bbox 1691 2492 1832 2564; x_wconf 90' lang='lat' dir='ltr'>templum</span> 
     </span>
     <span class='ocr_line' id='line_1_57' title="bbox 1010 2565 1832 2649; baseline 0.023 -31"><span class='ocrx_word' id='word_1_377' title='bbox 1010 2565 1067 2618; x_wconf 78' lang='lat' dir='ltr'>lieo</span> <span class='ocrx_word' id='word_1_378' title='bbox 1083 2567 1192 2635; x_wconf 87' lang='lat' dir='ltr'>gratias</span> <span class='ocrx_word' id='word_1_379' title='bbox 1207 2572 1327 2623; x_wconf 90' lang='lat' dir='ltr'>acturus</span> <span class='ocrx_word' id='word_1_380' title='bbox 1343 2573 1492 2629; x_wconf 88' lang='lat' dir='ltr'>moderata</span> <span class='ocrx_word' id='word_1_381' title='bbox 1506 2576 1656 2633; x_wconf 87' lang='lat' dir='ltr'>velocitate</span> <span class='ocrx_word' id='word_1_382' title='bbox 1672 2581 1772 2649; x_wconf 87' lang='lat' dir='ltr'>currit,</span> <span class='ocrx_word' id='word_1_383' title='bbox 1784 2581 1832 2637; x_wconf 92' lang='lat' dir='ltr'>ba·</span> 
     </span>
     <span class='ocr_line' id='line_1_58' title="bbox 1009 2653 1832 2739; baseline 0.018 -31"><span class='ocrx_word' id='word_1_384' title='bbox 1009 2654 1081 2709; x_wconf 83' lang='lat' dir='ltr'>bens</span> <span class='ocrx_word' id='word_1_385' title='bbox 1093 2653 1175 2709; x_wconf 92' lang='lat' dir='ltr'>illum</span> <span class='ocrx_word' id='word_1_386' title='bbox 1192 2655 1222 2710; x_wconf 89' lang='lat' dir='ltr'>in</span> <span class='ocrx_word' id='word_1_387' title='bbox 1237 2656 1339 2714; x_wconf 85' lang='lat' dir='ltr'>itincre</span> <span class='ocrx_word' id='word_1_388' title='bbox 1355 2660 1609 2735; x_wconf 86' lang='lat' dir='ltr'>ductorem,quom</span> <span class='ocrx_word' id='word_1_389' title='bbox 1621 2665 1649 2720; x_wconf 95' lang='lat' dir='ltr'>in</span> <span class='ocrx_word' id='word_1_390' title='bbox 1661 2669 1832 2739; x_wconf 71' lang='lat' dir='ltr'>egritudine</span> 
     </span>
     <span class='ocr_line' id='line_1_59' title="bbox 1009 2742 1833 2826; baseline 0.018 -29"><span class='ocrx_word' id='word_1_391' title='bbox 1009 2742 1113 2798; x_wconf 89' lang='lat' dir='ltr'>babuit</span> <span class='ocrx_word' id='word_1_392' title='bbox 1151 2745 1335 2802; x_wconf 86' lang='lat' dir='ltr'>saluatorem.</span> <span class='ocrx_word' id='word_1_393' title='bbox 1369 2749 1528 2821; x_wconf 82' lang='lat' dir='ltr'>Stupclacti</span> <span class='ocrx_word' id='word_1_394' title='bbox 1561 2753 1597 2807; x_wconf 87' lang='lat' dir='ltr'>de</span> <span class='ocrx_word' id='word_1_395' title='bbox 1631 2756 1833 2826; x_wconf 83' lang='lat' dir='ltr'>magnitudine</span> 
     </span>
     <span class='ocr_line' id='line_1_60' title="bbox 1009 2833 1832 2910; baseline 0.019 -25"><span class='ocrx_word' id='word_1_396' title='bbox 1009 2833 1075 2885; x_wconf 84' lang='lat' dir='ltr'>tircti</span> <span class='ocrx_word' id='word_1_397' title='bbox 1093 2834 1141 2904; x_wconf 86' lang='lat' dir='ltr'>qui</span> <span class='ocrx_word' id='word_1_398' title='bbox 1163 2835 1249 2889; x_wconf 84' lang='lat' dir='ltr'>druna</span> <span class='ocrx_word' id='word_1_399' title='bbox 1273 2843 1367 2903; x_wconf 89' lang='lat' dir='ltr'>erant,</span> <span class='ocrx_word' id='word_1_400' title='bbox 1387 2839 1437 2910; x_wconf 91' lang='lat' dir='ltr'>qni</span> <span class='ocrx_word' id='word_1_401' title='bbox 1453 2842 1620 2910; x_wconf 72' lang='lat' dir='ltr'>egrotantis</span> <span class='ocrx_word' id='word_1_402' title='bbox 1636 2843 1715 2899; x_wconf 88' lang='lat' dir='ltr'>illius</span> <span class='ocrx_word' id='word_1_403' title='bbox 1730 2861 1832 2900; x_wconf 85' lang='lat' dir='ltr'>curam</span> 
     </span>
     <span class='ocr_line' id='line_1_61' title="bbox 1008 2922 1832 3003; baseline 0.021 -30"><span class='ocrx_word' id='word_1_404' title='bbox 1008 2923 1156 2991; x_wconf 72' lang='lat' dir='ltr'>gerebant,</span> <span class='ocrx_word' id='word_1_405' title='bbox 1174 2922 1251 2978; x_wconf 91' lang='lat' dir='ltr'>lento</span> <span class='ocrx_word' id='word_1_406' title='bbox 1267 2925 1338 2995; x_wconf 71' lang='lat' dir='ltr'>pierio</span> <span class='ocrx_word' id='word_1_407' title='bbox 1360 2929 1506 2998; x_wconf 84' lang='lat' dir='ltr'>pereuntis</span> <span class='ocrx_word' id='word_1_408' title='bbox 1528 2930 1650 3003; x_wconf 79' lang='lat' dir='ltr'>vestigia</span> <span class='ocrx_word' id='word_1_409' title='bbox 1674 2937 1782 3003; x_wconf 89' lang='lat' dir='ltr'>terunt,</span> <span class='ocrx_word' id='word_1_410' title='bbox 1799 2936 1832 2989; x_wconf 86' lang='lat' dir='ltr'>a·</span> 
     </span>
     <span class='ocr_line' id='line_1_62' title="bbox 1009 3011 1833 3089; baseline 0.017 -24"><span class='ocrx_word' id='word_1_411' title='bbox 1009 3026 1075 3065; x_wconf 87' lang='lat' dir='ltr'>uem</span> <span class='ocrx_word' id='word_1_412' title='bbox 1090 3011 1129 3065; x_wconf 93' lang='lat' dir='ltr'>rci</span> <span class='ocrx_word' id='word_1_413' title='bbox 1153 3012 1268 3068; x_wconf 79' lang='lat' dir='ltr'>curiosa</span> <span class='ocrx_word' id='word_1_414' title='bbox 1288 3014 1416 3085; x_wconf 82' lang='lat' dir='ltr'>agilitate</span> <span class='ocrx_word' id='word_1_415' title='bbox 1431 3017 1624 3089; x_wconf 84' lang='lat' dir='ltr'>explorantes.</span> <span class='ocrx_word' id='word_1_416' title='bbox 1641 3022 1771 3078; x_wconf 85' lang='lat' dir='ltr'>Necdum</span> <span class='ocrx_word' id='word_1_417' title='bbox 1787 3023 1833 3078; x_wconf 87' lang='lat' dir='ltr'>iti-</span> 
     </span>
     <span class='ocr_line' id='line_1_63' title="bbox 1010 3099 1834 3182; baseline 0.021 -30"><span class='ocrx_word' id='word_1_418' title='bbox 1010 3099 1087 3152; x_wconf 80' lang='lat' dir='ltr'>neris</span> <span class='ocrx_word' id='word_1_419' title='bbox 1095 3100 1224 3156; x_wconf 90' lang='lat' dir='ltr'>medium</span> <span class='ocrx_word' id='word_1_420' title='bbox 1236 3104 1636 3181; x_wconf 72' lang='lat' dir='ltr'>conl&#39;cccrrrteummalignus</span> <span class='ocrx_word' id='word_1_421' title='bbox 1645 3112 1834 3182; x_wconf 80' lang='lat' dir='ltr'>spiritussive</span> 
     </span>
    </p>
   </div>
   <div class='ocr_carea' id='block_1_10' title="bbox 128 3188 1835 4957">
    <p class='ocr_par' dir='ltr' id='par_1_12' title="bbox 128 3188 1835 4957">
     <span class='ocr_line' id='line_1_64' title="bbox 129 3188 1835 3277; baseline 0.005 -27"><span class='ocrx_word' id='word_1_422' title='bbox 129 3194 301 3251; x_wconf 89' lang='lat' dir='ltr'>bominibus</span> <span class='ocrx_word' id='word_1_423' title='bbox 316 3198 515 3252; x_wconf 79' lang='lat' dir='ltr'>affectabatur.</span> <span class='ocrx_word' id='word_1_424' title='bbox 532 3197 653 3252; x_wconf 86' lang='lat' dir='ltr'>Abbalis</span> <span class='ocrx_word' id='word_1_425' title='bbox 676 3213 782 3251; x_wconf 90' lang='lat' dir='ltr'>nomen</span> <span class='ocrx_word' id='word_1_426' title='bbox 808 3197 854 3250; x_wconf 81' lang='lat' dir='ltr'>rix</span> <span class='ocrx_word' id='word_1_427' title='bbox 869 3197 989 3274; x_wconf 67' lang='lat' dir='ltr'>quis-(2</span> <span class='ocrx_word' id='word_1_428' title='bbox 1008 3189 1073 3258; x_wconf 64' lang='lat' dir='ltr'>ejus</span> <span class='ocrx_word' id='word_1_429' title='bbox 1089 3188 1177 3244; x_wconf 88' lang='lat' dir='ltr'>saluti</span> <span class='ocrx_word' id='word_1_430' title='bbox 1190 3191 1330 3259; x_wconf 62' lang='lat' dir='ltr'>invidens,</span> <span class='ocrx_word' id='word_1_431' title='bbox 1343 3211 1394 3248; x_wconf 75' lang='lat'>8⁰¹¹</span> <span class='ocrx_word' id='word_1_432' title='bbox 1410 3197 1538 3251; x_wconf 66' lang='lat' dir='ltr'>suturam</span> <span class='ocrx_word' id='word_1_433' title='bbox 1556 3198 1724 3271; x_wconf 70' lang='lat' dir='ltr'>religionem</span> <span class='ocrx_word' id='word_1_434' title='bbox 1735 3220 1835 3277; x_wconf 83' lang='lat' dir='ltr'>suspe-</span> 
     </span>
     <span class='ocr_line' id='line_1_65' title="bbox 129 3277 1834 3364; baseline 0.013 -38"><span class='ocrx_word' id='word_1_435' title='bbox 129 3302 220 3358; x_wconf 70' lang='lat' dir='ltr'>quam</span> <span class='ocrx_word' id='word_1_436' title='bbox 235 3285 387 3354; x_wconf 40' lang='lat' dir='ltr'>audieram</span> <span class='ocrx_word' id='word_1_437' title='bbox 404 3290 562 3341; x_wconf 67' lang='lat' dir='ltr'>conventus</span> <span class='ocrx_word' id='word_1_438' title='bbox 584 3285 792 3340; x_wconf 68' lang='lat' dir='ltr'>monachorum</span> <span class='ocrx_word' id='word_1_439' title='bbox 810 3303 866 3340; x_wconf 81' lang='lat' dir='ltr'>110ss</span> <span class='ocrx_word' id='word_1_440' title='bbox 883 3285 955 3341; x_wconf 66' lang='lat' dir='ltr'>satis</span> <span class='ocrx_word' id='word_1_441' title='bbox 1009 3282 1085 3332; x_wconf 75' lang='lat' dir='ltr'>ttttilss</span> <span class='ocrx_word' id='word_1_442' title='bbox 1098 3277 1392 3358; x_wconf 79' lang='lat' dir='ltr'>liabens,latrautirrm</span> <span class='ocrx_word' id='word_1_443' title='bbox 1400 3301 1506 3340; x_wconf 75' lang='lat' dir='ltr'>Gallum</span> <span class='ocrx_word' id='word_1_444' title='bbox 1516 3287 1834 3364; x_wconf 86' lang='lat' dir='ltr'>multitudiuestipatus</span> 
     </span>
     <span class='ocr_line' id='line_1_66' title="bbox 130 3367 1834 3448; baseline 0.011 -31"><span class='ocrx_word' id='word_1_445' title='bbox 130 3373 425 3448; x_wconf 65' lang='lat' dir='ltr'>quispiamiderat;</span> <span class='ocrx_word' id='word_1_446' title='bbox 447 3376 496 3430; x_wconf 73' lang='lat' dir='ltr'>sed</span> <span class='ocrx_word' id='word_1_447' title='bbox 518 3374 564 3429; x_wconf 73' lang='lat' dir='ltr'>cuj</span> <span class='ocrx_word' id='word_1_448' title='bbox 587 3373 869 3430; x_wconf 70' lang='lat' dir='ltr'>sopteidvolnnlalis</span> <span class='ocrx_word' id='word_1_449' title='bbox 883 3380 955 3442; x_wconf 60' lang='lat' dir='ltr'>erat,</span> <span class='ocrx_word' id='word_1_450' title='bbox 1011 3367 1147 3432; x_wconf 70' lang='lat' dir='ltr'>occurrit,</span> <span class='ocrx_word' id='word_1_451' title='bbox 1162 3368 1594 3441; x_wconf 71' lang='lat' dir='ltr'>Vlalitqltessuillllnlssrcltltlel&#39;e</span> <span class='ocrx_word' id='word_1_452' title='bbox 1604 3379 1763 3434; x_wconf 90' lang='lat' dir='ltr'>contendit.</span> <span class='ocrx_word' id='word_1_453' title='bbox 1781 3381 1834 3436; x_wconf 62' lang='lat' dir='ltr'>llx-</span> 
     </span>
     <span class='ocr_line' id='line_1_67' title="bbox 131 3453 1833 3538; baseline 0.011 -31"><span class='ocrx_word' id='word_1_454' title='bbox 131 3463 160 3517; x_wconf 70' lang='grc' dir='ltr'>ῇῃ</span> <span class='ocrx_word' id='word_1_455' title='bbox 172 3462 343 3536; x_wconf 60' lang='lat' dir='ltr'>pemginam</span> <span class='ocrx_word' id='word_1_456' title='bbox 353 3463 436 3519; x_wconf 60' lang='lat' dir='ltr'>vellet</span> <span class='ocrx_word' id='word_1_457' title='bbox 448 3453 608 3536; x_wconf 65' lang='lat' dir='ltr'>transigere</span> <span class='ocrx_word' id='word_1_458' title='bbox 618 3463 718 3530; x_wconf 69' lang='lat' dir='ltr'>viram,</span> <span class='ocrx_word' id='word_1_459' title='bbox 731 3463 756 3517; x_wconf 68' lang='lat' dir='ltr'>is</span> <span class='ocrx_word' id='word_1_460' title='bbox 767 3465 853 3519; x_wconf 73' lang='lat' dir='ltr'>m0d0</span> <span class='ocrx_word' id='word_1_461' title='bbox 865 3465 955 3532; x_wconf 65' lang='lat' dir='ltr'>sotus,</span> <span class='ocrx_word' id='word_1_462' title='bbox 1011 3455 1119 3510; x_wconf 89' lang='lat' dir='ltr'>clamat</span> <span class='ocrx_word' id='word_1_463' title='bbox 1130 3456 1227 3529; x_wconf 88' lang='lat' dir='ltr'>itaque</span> <span class='ocrx_word' id='word_1_464' title='bbox 1238 3476 1309 3529; x_wconf 87' lang='lat' dir='ltr'>puer</span> <span class='ocrx_word' id='word_1_465' title='bbox 1318 3460 1467 3517; x_wconf 78' lang='lat' dir='ltr'>Christum</span> <span class='ocrx_word' id='word_1_466' title='bbox 1479 3481 1583 3534; x_wconf 88' lang='lat' dir='ltr'>pavore</span> <span class='ocrx_word' id='word_1_467' title='bbox 1593 3467 1833 3538; x_wconf 88' lang='lat' dir='ltr'>conterritus,scd</span> 
     </span>
     <span class='ocr_line' id='line_1_68' title="bbox 131 3543 1833 3629; baseline 0.004 -23"><span class='ocrx_word' id='word_1_468' title='bbox 131 3551 220 3608; x_wconf 91' lang='lat' dir='ltr'>modo</span> <span class='ocrx_word' id='word_1_469' title='bbox 235 3551 336 3623; x_wconf 87' lang='lat' dir='ltr'>paucis</span> <span class='ocrx_word' id='word_1_470' title='bbox 358 3552 490 3623; x_wconf 87' lang='lat' dir='ltr'>ejusdcm</span> <span class='ocrx_word' id='word_1_471' title='bbox 515 3551 655 3624; x_wconf 87' lang='lat' dir='ltr'>propositi</span> <span class='ocrx_word' id='word_1_472' title='bbox 675 3553 833 3608; x_wconf 90' lang='lat' dir='ltr'>comitatus</span> <span class='ocrx_word' id='word_1_473' title='bbox 847 3554 958 3626; x_wconf 76' lang='lat' dir='ltr'>patries</span> <span class='ocrx_word' id='word_1_474' title='bbox 1011 3543 1140 3600; x_wconf 89' lang='lat' dir='ltr'>ductoris</span> <span class='ocrx_word' id='word_1_475' title='bbox 1156 3546 1201 3599; x_wconf 88' lang='lat' dir='ltr'>sui</span> <span class='ocrx_word' id='word_1_476' title='bbox 1213 3548 1346 3617; x_wconf 80' lang='lat' dir='ltr'>presidio</span> <span class='ocrx_word' id='word_1_477' title='bbox 1357 3549 1604 3624; x_wconf 83' lang='lat' dir='ltr'>vallatus,virgam</span> <span class='ocrx_word' id='word_1_478' title='bbox 1620 3556 1733 3628; x_wconf 88' lang='lat' dir='ltr'>arripit,</span> <span class='ocrx_word' id='word_1_479' title='bbox 1744 3573 1833 3629; x_wconf 86' lang='lat' dir='ltr'>quam</span> 
     </span>
     <span class='ocr_line' id='line_1_69' title="bbox 129 3633 1833 3715; baseline 0.011 -32"><span class='ocrx_word' id='word_1_480' title='bbox 129 3640 203 3697; x_wconf 61' lang='lat' dir='ltr'>fines</span> <span class='ocrx_word' id='word_1_481' title='bbox 218 3640 432 3713; x_wconf 58' lang='lat' dir='ltr'>egrediebatur,</span> <span class='ocrx_word' id='word_1_482' title='bbox 448 3645 477 3697; x_wconf 69' lang='lat' dir='ltr'>et</span> <span class='ocrx_word' id='word_1_483' title='bbox 493 3658 549 3712; x_wconf 66' lang='lat' dir='ltr'>qua</span> <span class='ocrx_word' id='word_1_484' title='bbox 574 3639 777 3713; x_wconf 63' lang='lat' dir='ltr'>opportunitas</span> <span class='ocrx_word' id='word_1_485' title='bbox 792 3641 906 3697; x_wconf 64' lang='lat' dir='ltr'>vivendi</span> <span class='ocrx_word' id='word_1_486' title='bbox 923 3641 956 3696; x_wconf 69' lang='grc' dir='ltr'>ῃ.</span> <span class='ocrx_word' id='word_1_487' title='bbox 1011 3633 1040 3687; x_wconf 95' lang='lat' dir='ltr'>in</span> <span class='ocrx_word' id='word_1_488' title='bbox 1058 3633 1160 3689; x_wconf 84' lang='lat' dir='ltr'>taciem</span> <span class='ocrx_word' id='word_1_489' title='bbox 1176 3635 1346 3692; x_wconf 86' lang='lat' dir='ltr'>obsistentis</span> <span class='ocrx_word' id='word_1_490' title='bbox 1357 3638 1507 3693; x_wconf 89' lang='lat' dir='ltr'>simulacri</span> <span class='ocrx_word' id='word_1_491' title='bbox 1520 3641 1647 3710; x_wconf 83' lang='lat' dir='ltr'>vibrans,</span> <span class='ocrx_word' id='word_1_492' title='bbox 1658 3644 1757 3715; x_wconf 90' lang='lat' dir='ltr'>ipsum</span> <span class='ocrx_word' id='word_1_493' title='bbox 1766 3663 1833 3702; x_wconf 91' lang='lat' dir='ltr'>cum</span> 
     </span>
     <span class='ocr_line' id='line_1_70' title="bbox 129 3723 1835 3803; baseline 0.003 -18"><span class='ocrx_word' id='word_1_494' title='bbox 129 3729 257 3786; x_wconf 84' lang='lat' dir='ltr'>centiam</span> <span class='ocrx_word' id='word_1_495' title='bbox 272 3728 435 3796; x_wconf 83' lang='lat' dir='ltr'>dabet‚illic</span> <span class='ocrx_word' id='word_1_496' title='bbox 445 3727 608 3802; x_wconf 88' lang='lat' dir='ltr'>alienigena</span> <span class='ocrx_word' id='word_1_497' title='bbox 619 3730 707 3783; x_wconf 79' lang='lat' dir='ltr'>vitam</span> <span class='ocrx_word' id='word_1_498' title='bbox 724 3731 837 3802; x_wconf 90' lang='lat' dir='ltr'>agebat.</span> <span class='ocrx_word' id='word_1_499' title='bbox 849 3731 957 3803; x_wconf 87' lang='lat' dir='ltr'>Hirque</span> <span class='ocrx_word' id='word_1_500' title='bbox 1011 3723 1090 3777; x_wconf 75' lang='lat' dir='ltr'>omni</span> <span class='ocrx_word' id='word_1_501' title='bbox 1113 3724 1255 3779; x_wconf 72' lang='lat' dir='ltr'>eomilutu</span> <span class='ocrx_word' id='word_1_502' title='bbox 1275 3724 1304 3779; x_wconf 86' lang='lat' dir='ltr'>in</span> <span class='ocrx_word' id='word_1_503' title='bbox 1326 3726 1425 3796; x_wconf 80' lang='lat' dir='ltr'>rugam</span> <span class='ocrx_word' id='word_1_504' title='bbox 1446 3728 1603 3800; x_wconf 91' lang='lat' dir='ltr'>compellit.</span> <span class='ocrx_word' id='word_1_505' title='bbox 1620 3731 1642 3786; x_wconf 92' lang='lat'>0</span> <span class='ocrx_word' id='word_1_506' title='bbox 1657 3736 1792 3789; x_wconf 88' lang='lat' dir='ltr'>sanctum</span> <span class='ocrx_word' id='word_1_507' title='bbox 1805 3739 1835 3790; x_wconf 92' lang='lat' dir='ltr'>ct</span> 
     </span>
     <span class='ocr_line' id='line_1_71' title="bbox 129 3805 1832 3890; baseline 0.002 -17"><span class='ocrx_word' id='word_1_508' title='bbox 129 3832 273 3874; x_wconf 87' lang='lat' dir='ltr'>meseum</span> <span class='ocrx_word' id='word_1_509' title='bbox 289 3818 453 3890; x_wconf 88' lang='lat' dir='ltr'>plerosque,</span> <span class='ocrx_word' id='word_1_510' title='bbox 470 3822 533 3873; x_wconf 93' lang='lat' dir='ltr'>tum</span> <span class='ocrx_word' id='word_1_511' title='bbox 548 3818 734 3875; x_wconf 77' lang='lat' dir='ltr'>veliementer</span> <span class='ocrx_word' id='word_1_512' title='bbox 748 3819 843 3874; x_wconf 83' lang='lat' dir='ltr'>adhue</span> <span class='ocrx_word' id='word_1_513' title='bbox 860 3824 958 3875; x_wconf 72' lang='lat' dir='ltr'>manet</span> <span class='ocrx_word' id='word_1_514' title='bbox 1011 3805 1145 3867; x_wconf 82' lang='lat' dir='ltr'>terribilc&#39;</span> <span class='ocrx_word' id='word_1_515' title='bbox 1154 3812 1261 3868; x_wconf 86' lang='lat' dir='ltr'>Christi</span> <span class='ocrx_word' id='word_1_516' title='bbox 1277 3830 1393 3881; x_wconf 91' lang='lat' dir='ltr'>nomen,</span> <span class='ocrx_word' id='word_1_517' title='bbox 1410 3816 1592 3888; x_wconf 87' lang='lat' dir='ltr'>sapientibus</span> <span class='ocrx_word' id='word_1_518' title='bbox 1615 3819 1832 3890; x_wconf 89' lang='lat' dir='ltr'>absconditum,</span> 
     </span>
     <span class='ocr_line' id='line_1_72' title="bbox 128 3900 1834 3984; baseline 0.001 -21"><span class='ocrx_word' id='word_1_519' title='bbox 128 3905 274 3963; x_wconf 84' lang='lat' dir='ltr'>Hibernos</span> <span class='ocrx_word' id='word_1_520' title='bbox 287 3924 294 3974; x_wconf 86' lang='lat'>;</span> <span class='ocrx_word' id='word_1_521' title='bbox 306 3907 377 3979; x_wconf 87' lang='lat' dir='ltr'>quia</span> <span class='ocrx_word' id='word_1_522' title='bbox 392 3908 469 3979; x_wconf 89' lang='lat' dir='ltr'>quod</span> <span class='ocrx_word' id='word_1_523' title='bbox 484 3907 549 3962; x_wconf 87' lang='lat' dir='ltr'>aliis</span> <span class='ocrx_word' id='word_1_524' title='bbox 567 3908 642 3963; x_wconf 89' lang='lat' dir='ltr'>bona</span> <span class='ocrx_word' id='word_1_525' title='bbox 653 3907 789 3963; x_wconf 83' lang='lat' dir='ltr'>voluntas</span> <span class='ocrx_word' id='word_1_526' title='bbox 800 3907 957 3964; x_wconf 88' lang='lat' dir='ltr'>inconsue-</span> <span class='ocrx_word' id='word_1_527' title='bbox 1011 3900 1140 3975; x_wconf 69' lang='lat' dir='ltr'>parvulis</span> <span class='ocrx_word' id='word_1_528' title='bbox 1156 3903 1333 3959; x_wconf 70' lang='lat' dir='ltr'>revelatum!</span> <span class='ocrx_word' id='word_1_529' title='bbox 1349 3922 1414 3959; x_wconf 77' lang='lat' dir='ltr'>eece</span> <span class='ocrx_word' id='word_1_530' title='bbox 1438 3905 1525 3961; x_wconf 85' lang='lat' dir='ltr'>draeo</span> <span class='ocrx_word' id='word_1_531' title='bbox 1547 3923 1635 3978; x_wconf 86' lang='lat' dir='ltr'>quem</span> <span class='ocrx_word' id='word_1_532' title='bbox 1650 3909 1767 3966; x_wconf 90' lang='lat' dir='ltr'>initium</span> <span class='ocrx_word' id='word_1_533' title='bbox 1781 3910 1834 3984; x_wconf 86' lang='lat' dir='ltr'>lig·</span> 
     </span>
     <span class='ocr_line' id='line_1_73' title="bbox 129 3992 1834 4066; baseline 0.004 -16"><span class='ocrx_word' id='word_1_534' title='bbox 129 3994 274 4063; x_wconf 89' lang='lat' dir='ltr'>tudinem,</span> <span class='ocrx_word' id='word_1_535' title='bbox 290 3994 344 4051; x_wconf 90' lang='lat' dir='ltr'>boc</span> <span class='ocrx_word' id='word_1_536' title='bbox 370 3995 429 4052; x_wconf 90' lang='lat' dir='ltr'>illis</span> <span class='ocrx_word' id='word_1_537' title='bbox 451 3997 631 4052; x_wconf 85' lang='lat' dir='ltr'>consuetude</span> <span class='ocrx_word' id='word_1_538' title='bbox 655 3997 740 4052; x_wconf 79' lang='lat' dir='ltr'>vertit</span> <span class='ocrx_word' id='word_1_539' title='bbox 764 3997 792 4051; x_wconf 91' lang='lat' dir='ltr'>in</span> <span class='ocrx_word' id='word_1_540' title='bbox 809 4002 957 4066; x_wconf 89' lang='lat' dir='ltr'>naturam,</span> <span class='ocrx_word' id='word_1_541' title='bbox 1011 3993 1101 4049; x_wconf 92' lang='lat' dir='ltr'>menti</span> <span class='ocrx_word' id='word_1_542' title='bbox 1113 3992 1158 4049; x_wconf 91' lang='lat' dir='ltr'>sui</span> <span class='ocrx_word' id='word_1_543' title='bbox 1175 3993 1259 4047; x_wconf 82' lang='lat' dir='ltr'>finxit</span> <span class='ocrx_word' id='word_1_544' title='bbox 1273 3992 1350 4047; x_wconf 79' lang='lat' dir='ltr'>licus</span> <span class='ocrx_word' id='word_1_545' title='bbox 1365 3994 1400 4048; x_wconf 91' lang='lat' dir='ltr'>ad</span> <span class='ocrx_word' id='word_1_546' title='bbox 1416 3992 1599 4050; x_wconf 90' lang='lat' dir='ltr'>illudendum</span> <span class='ocrx_word' id='word_1_547' title='bbox 1615 3998 1652 4063; x_wconf 91' lang='lat' dir='ltr'>ei,</span> <span class='ocrx_word' id='word_1_548' title='bbox 1664 4015 1722 4052; x_wconf 89' lang='lat' dir='ltr'>non</span> <span class='ocrx_word' id='word_1_549' title='bbox 1738 3997 1834 4056; x_wconf 87' lang='lat' dir='ltr'>solum</span> 
     </span>
     <span class='ocr_line' id='line_1_74' title="bbox 130 4080 1834 4159; baseline 0.002 -19"><span class='ocrx_word' id='word_1_550' title='bbox 130 4099 258 4156; x_wconf 89' lang='lat' dir='ltr'>quorum</span> <span class='ocrx_word' id='word_1_551' title='bbox 274 4084 358 4140; x_wconf 89' lang='lat' dir='ltr'>multi</span> <span class='ocrx_word' id='word_1_552' title='bbox 370 4090 460 4158; x_wconf 89' lang='lat' dir='ltr'>atquc</span> <span class='ocrx_word' id='word_1_553' title='bbox 475 4083 604 4141; x_wconf 86' lang='lat' dir='ltr'>illustres</span> <span class='ocrx_word' id='word_1_554' title='bbox 619 4085 672 4140; x_wconf 91' lang='lat' dir='ltr'>viri</span> <span class='ocrx_word' id='word_1_555' title='bbox 688 4086 794 4140; x_wconf 88' lang='lat' dir='ltr'>divinis</span> <span class='ocrx_word' id='word_1_556' title='bbox 811 4103 844 4143; x_wconf 90' lang='lat' dir='ltr'>ac</span> <span class='ocrx_word' id='word_1_557' title='bbox 866 4102 955 4141; x_wconf 76' lang='lat' dir='ltr'>siecu-</span> <span class='ocrx_word' id='word_1_558' title='bbox 1010 4083 1047 4138; x_wconf 92' lang='lat' dir='ltr'>ab</span> <span class='ocrx_word' id='word_1_559' title='bbox 1058 4082 1170 4154; x_wconf 85' lang='lat' dir='ltr'>angelis</span> <span class='ocrx_word' id='word_1_560' title='bbox 1186 4081 1235 4137; x_wconf 89' lang='lat' dir='ltr'>Dei</span> <span class='ocrx_word' id='word_1_561' title='bbox 1251 4080 1392 4149; x_wconf 90' lang='lat' dir='ltr'>illuditur,</span> <span class='ocrx_word' id='word_1_562' title='bbox 1409 4100 1510 4139; x_wconf 83' lang='lat' dir='ltr'>verum</span> <span class='ocrx_word' id='word_1_563' title='bbox 1529 4085 1617 4141; x_wconf 88' lang='lat' dir='ltr'>etiam</span> <span class='ocrx_word' id='word_1_564' title='bbox 1634 4104 1651 4142; x_wconf 90' lang='lat' dir='ltr'>a</span> <span class='ocrx_word' id='word_1_565' title='bbox 1665 4104 1754 4159; x_wconf 91' lang='lat' dir='ltr'>puero</span> <span class='ocrx_word' id='word_1_566' title='bbox 1769 4104 1834 4159; x_wconf 88' lang='lat' dir='ltr'>par·</span> 
     </span>
     <span class='ocr_line' id='line_1_75' title="bbox 129 4170 1835 4248; baseline 0.002 -20"><span class='ocrx_word' id='word_1_567' title='bbox 129 4170 242 4229; x_wconf 82' lang='lat' dir='ltr'>laribus</span> <span class='ocrx_word' id='word_1_568' title='bbox 256 4172 363 4230; x_wconf 89' lang='lat' dir='ltr'>litteris</span> <span class='ocrx_word' id='word_1_569' title='bbox 378 4173 514 4230; x_wconf 86' lang='lat' dir='ltr'>nobiliter</span> <span class='ocrx_word' id='word_1_570' title='bbox 529 4174 648 4242; x_wconf 89' lang='lat' dir='ltr'>eruditi,</span> <span class='ocrx_word' id='word_1_571' title='bbox 659 4173 844 4244; x_wconf 88' lang='lat' dir='ltr'>dum,rclicta</span> <span class='ocrx_word' id='word_1_572' title='bbox 860 4175 957 4231; x_wconf 89' lang='lat' dir='ltr'>Hiber·</span> <span class='ocrx_word' id='word_1_573' title='bbox 1010 4170 1076 4226; x_wconf 83' lang='lat' dir='ltr'>vulo</span> <span class='ocrx_word' id='word_1_574' title='bbox 1088 4170 1328 4243; x_wconf 88' lang='lat' dir='ltr'>superatur.Vere</span> <span class='ocrx_word' id='word_1_575' title='bbox 1340 4172 1567 4229; x_wconf 89' lang='lat' dir='ltr'>detractacstud</span> <span class='ocrx_word' id='word_1_576' title='bbox 1580 4174 1835 4248; x_wconf 81' lang='lat' dir='ltr'>inierossuperbia</span> 
     </span>
     <span class='ocr_line' id='line_1_76' title="bbox 130 4258 1834 4335; baseline 0.001 -17"><span class='ocrx_word' id='word_1_577' title='bbox 130 4261 188 4332; x_wconf 88' lang='lat' dir='ltr'>nia,</span> <span class='ocrx_word' id='word_1_578' title='bbox 203 4261 236 4318; x_wconf 90' lang='lat' dir='ltr'>in</span> <span class='ocrx_word' id='word_1_579' title='bbox 252 4265 361 4318; x_wconf 87' lang='lat' dir='ltr'>terram</span> <span class='ocrx_word' id='word_1_580' title='bbox 385 4263 545 4335; x_wconf 78' lang='lat' dir='ltr'>Anglorum</span> <span class='ocrx_word' id='word_1_581' title='bbox 568 4262 779 4335; x_wconf 87' lang='lat' dir='ltr'>peregrinaturi</span> <span class='ocrx_word' id='word_1_582' title='bbox 797 4263 955 4330; x_wconf 84' lang='lat' dir='ltr'>venissent,</span> <span class='ocrx_word' id='word_1_583' title='bbox 1010 4260 1086 4329; x_wconf 79' lang='lat' dir='ltr'>ejus,</span> <span class='ocrx_word' id='word_1_584' title='bbox 1098 4259 1127 4314; x_wconf 93' lang='lat' dir='ltr'>in</span> <span class='ocrx_word' id='word_1_585' title='bbox 1138 4259 1315 4331; x_wconf 84' lang='lat' dir='ltr'>protundum</span> <span class='ocrx_word' id='word_1_586' title='bbox 1327 4258 1380 4315; x_wconf 88' lang='lat' dir='ltr'>laci</span> <span class='ocrx_word' id='word_1_587' title='bbox 1392 4260 1520 4316; x_wconf 86' lang='lat' dir='ltr'>concidit</span> <span class='ocrx_word' id='word_1_588' title='bbox 1530 4263 1652 4320; x_wconf 87' lang='lat' dir='ltr'>cadaver</span> <span class='ocrx_word' id='word_1_589' title='bbox 1676 4264 1766 4320; x_wconf 87' lang='lat' dir='ltr'>illius.</span> <span class='ocrx_word' id='word_1_590' title='bbox 1777 4265 1834 4320; x_wconf 85' lang='lat' dir='ltr'>Sed</span> 
     </span>
     <span class='ocr_line' id='line_1_77' title="bbox 129 4347 1833 4425; baseline 0.001 -19"><span class='ocrx_word' id='word_1_591' title='bbox 129 4349 290 4425; x_wconf 85' lang='lat' dir='ltr'>tecumque</span> <span class='ocrx_word' id='word_1_592' title='bbox 304 4350 495 4408; x_wconf 86' lang='lat' dir='ltr'>habitationis</span> <span class='ocrx_word' id='word_1_593' title='bbox 505 4368 564 4408; x_wconf 79' lang='lat' dir='ltr'>sure</span> <span class='ocrx_word' id='word_1_594' title='bbox 575 4350 755 4408; x_wconf 89' lang='lat' dir='ltr'>Glcstoniam</span> <span class='ocrx_word' id='word_1_595' title='bbox 768 4351 956 4424; x_wconf 86' lang='lat' dir='ltr'>delegissent,</span> <span class='ocrx_word' id='word_1_596' title='bbox 1011 4347 1041 4403; x_wconf 93' lang='lat' dir='ltr'>iu</span> <span class='ocrx_word' id='word_1_597' title='bbox 1060 4365 1118 4420; x_wconf 93' lang='lat' dir='ltr'>quo</span> <span class='ocrx_word' id='word_1_598' title='bbox 1133 4350 1191 4404; x_wconf 85' lang='lat' dir='ltr'>ista</span> <span class='ocrx_word' id='word_1_599' title='bbox 1205 4353 1305 4404; x_wconf 90' lang='lat' dir='ltr'>noster</span> <span class='ocrx_word' id='word_1_600' title='bbox 1319 4348 1416 4420; x_wconf 90' lang='lat' dir='ltr'>potuit</span> <span class='ocrx_word' id='word_1_601' title='bbox 1437 4350 1585 4421; x_wconf 83' lang='lat' dir='ltr'>parvulus,</span> <span class='ocrx_word' id='word_1_602' title='bbox 1603 4353 1658 4408; x_wconf 91' lang='lat' dir='ltr'>nisi</span> <span class='ocrx_word' id='word_1_603' title='bbox 1673 4353 1702 4408; x_wconf 93' lang='lat' dir='ltr'>in</span> <span class='ocrx_word' id='word_1_604' title='bbox 1717 4352 1768 4408; x_wconf 93' lang='lat' dir='ltr'>illo</span> <span class='ocrx_word' id='word_1_605' title='bbox 1782 4354 1833 4425; x_wconf 89' lang='lat' dir='ltr'>qui</span> 
     </span>
     <span class='ocr_line' id='line_1_78' title="bbox 129 4437 1835 4514; baseline 0 -17"><span class='ocrx_word' id='word_1_606' title='bbox 129 4444 284 4514; x_wconf 78' lang='lat' dir='ltr'>prepterea</span> <span class='ocrx_word' id='word_1_607' title='bbox 298 4441 375 4514; x_wconf 92' lang='lat' dir='ltr'>quod</span> <span class='ocrx_word' id='word_1_608' title='bbox 390 4445 478 4510; x_wconf 85' lang='lat' dir='ltr'>esset,</span> <span class='ocrx_word' id='word_1_609' title='bbox 494 4438 636 4496; x_wconf 80' lang='lat' dir='ltr'>etaciviti</span> <span class='ocrx_word' id='word_1_610' title='bbox 652 4438 843 4495; x_wconf 87' lang='lat' dir='ltr'>multitudine</span> <span class='ocrx_word' id='word_1_611' title='bbox 853 4457 956 4513; x_wconf 88' lang='lat' dir='ltr'>seque·</span> <span class='ocrx_word' id='word_1_612' title='bbox 1010 4453 1079 4493; x_wconf 92' lang='lat' dir='ltr'>curn</span> <span class='ocrx_word' id='word_1_613' title='bbox 1090 4437 1128 4494; x_wconf 91' lang='lat' dir='ltr'>sit</span> <span class='ocrx_word' id='word_1_614' title='bbox 1138 4437 1215 4492; x_wconf 87' lang='lat' dir='ltr'>Deus</span> <span class='ocrx_word' id='word_1_615' title='bbox 1226 4438 1423 4508; x_wconf 87' lang='lat' dir='ltr'>superomnia</span> <span class='ocrx_word' id='word_1_616' title='bbox 1433 4439 1835 4513; x_wconf 62' lang='lat' dir='ltr'>benedictusinseculapar·</span> 
     </span>
     <span class='ocr_line' id='line_1_79' title="bbox 130 4525 1833 4601; baseline 0.002 -17"><span class='ocrx_word' id='word_1_617' title='bbox 130 4531 255 4597; x_wconf 62' lang='lat' dir='ltr'>emus,</span> <span class='ocrx_word' id='word_1_618' title='bbox 271 4531 301 4585; x_wconf 89' lang='lat' dir='ltr'>ct</span> <span class='ocrx_word' id='word_1_619' title='bbox 316 4527 456 4585; x_wconf 87' lang='lat' dir='ltr'>humanis</span> <span class='ocrx_word' id='word_1_620' title='bbox 473 4527 577 4584; x_wconf 91' lang='lat' dir='ltr'>usibus</span> <span class='ocrx_word' id='word_1_621' title='bbox 590 4527 808 4596; x_wconf 88' lang='lat' dir='ltr'>accommodus,</span> <span class='ocrx_word' id='word_1_622' title='bbox 824 4533 854 4583; x_wconf 89' lang='lat' dir='ltr'>et</span> <span class='ocrx_word' id='word_1_623' title='bbox 867 4529 956 4601; x_wconf 76' lang='lat' dir='ltr'>(quad</span> <span class='ocrx_word' id='word_1_624' title='bbox 1010 4526 1097 4582; x_wconf 88' lang='lat' dir='ltr'>volus</span> <span class='ocrx_word' id='word_1_625' title='bbox 1107 4527 1143 4582; x_wconf 92' lang='lat' dir='ltr'>de</span> <span class='ocrx_word' id='word_1_626' title='bbox 1152 4525 1270 4599; x_wconf 80' lang='lat' dir='ltr'>Virgine</span> <span class='ocrx_word' id='word_1_627' title='bbox 1281 4531 1421 4584; x_wconf 87' lang='lat' dir='ltr'>natusest</span> <span class='ocrx_word' id='word_1_628' title='bbox 1432 4529 1643 4597; x_wconf 82' lang='lat' dir='ltr'>nobis,Filiusa</span> <span class='ocrx_word' id='word_1_629' title='bbox 1655 4530 1736 4585; x_wconf 87' lang='lat' dir='ltr'>Patre</span> <span class='ocrx_word' id='word_1_630' title='bbox 1747 4530 1833 4588; x_wconf 85' lang='lat' dir='ltr'>datus</span> 
     </span>
     <span class='ocr_line' id='line_1_80' title="bbox 131 4576 1832 4692; baseline 0.001 -19"><span class='ocrx_word' id='word_1_631' title='bbox 131 4616 258 4673; x_wconf 78' lang='lat' dir='ltr'>maxime</span> <span class='ocrx_word' id='word_1_632' title='bbox 273 4617 459 4686; x_wconf 72' lang='lat' dir='ltr'>all‘cctabant)</span> <span class='ocrx_word' id='word_1_633' title='bbox 475 4614 620 4690; x_wconf 84' lang='lat' dir='ltr'>peregrini</span> <span class='ocrx_word' id='word_1_634' title='bbox 635 4614 750 4671; x_wconf 90' lang='lat' dir='ltr'>Patricii</span> <span class='ocrx_word' id='word_1_635' title='bbox 767 4618 807 4686; x_wconf 89' lang='lat'>(5)</span> <span class='ocrx_word' id='word_1_636' title='bbox 823 4617 958 4689; x_wconf 88' lang='lat' dir='ltr'>religiosa</span> <span class='ocrx_word' id='word_1_637' title='bbox 972 4576 996 4643; x_wconf 70' lang='grc' dir='ltr'>ὓ</span> <span class='ocrx_word' id='word_1_638' title='bbox 1010 4615 1832 4692; x_wconf 83' lang='lat' dir='ltr'>estuobisltunstanusigituradportamtempliveaiens,</span> 
     </span>
     <span class='ocr_line' id='line_1_81' title="bbox 130 4704 1833 4779; baseline 0.005 -21"><span class='ocrx_word' id='word_1_639' title='bbox 130 4706 316 4763; x_wconf 80' lang='lat' dir='ltr'>veneratione</span> <span class='ocrx_word' id='word_1_640' title='bbox 342 4705 497 4779; x_wconf 88' lang='lat' dir='ltr'>gloriosus,</span> <span class='ocrx_word' id='word_1_641' title='bbox 512 4706 563 4778; x_wconf 90' lang='lat' dir='ltr'>qui</span> <span class='ocrx_word' id='word_1_642' title='bbox 586 4704 657 4760; x_wconf 91' lang='lat' dir='ltr'>olim</span> <span class='ocrx_word' id='word_1_643' title='bbox 677 4706 900 4778; x_wconf 78' lang='lat' dir='ltr'>evangelizando</span> <span class='ocrx_word' id='word_1_644' title='bbox 913 4723 955 4762; x_wconf 90' lang='lat' dir='ltr'>rc·</span> <span class='ocrx_word' id='word_1_645' title='bbox 1011 4704 1061 4760; x_wconf 89' lang='lat' dir='ltr'>sed</span> <span class='ocrx_word' id='word_1_646' title='bbox 1071 4705 1204 4760; x_wconf 87' lang='lat' dir='ltr'>eamdem</span> <span class='ocrx_word' id='word_1_647' title='bbox 1214 4704 1360 4777; x_wconf 86' lang='lat' dir='ltr'>repagulis</span> <span class='ocrx_word' id='word_1_648' title='bbox 1371 4706 1536 4763; x_wconf 87' lang='lat' dir='ltr'>obseratam</span> <span class='ocrx_word' id='word_1_649' title='bbox 1549 4708 1708 4776; x_wconf 85' lang='lat' dir='ltr'>inveniens,</span> <span class='ocrx_word' id='word_1_650' title='bbox 1723 4709 1833 4766; x_wconf 88' lang='lat' dir='ltr'>scalam</span> 
     </span>
     <span class='ocr_line' id='line_1_82' title="bbox 130 4792 1831 4870; baseline 0.002 -20"><span class='ocrx_word' id='word_1_651' title='bbox 130 4807 221 4865; x_wconf 61' lang='lat' dir='ltr'>mum</span> <span class='ocrx_word' id='word_1_652' title='bbox 232 4792 286 4852; x_wconf 86' lang='lat' dir='ltr'>Dei</span> <span class='ocrx_word' id='word_1_653' title='bbox 296 4793 365 4850; x_wconf 91' lang='lat' dir='ltr'>illuc</span> <span class='ocrx_word' id='word_1_654' title='bbox 380 4794 562 4867; x_wconf 77' lang='lat' dir='ltr'>perveniens,</span> <span class='ocrx_word' id='word_1_655' title='bbox 573 4793 642 4861; x_wconf 86' lang='lat' dir='ltr'>uita,</span> <span class='ocrx_word' id='word_1_656' title='bbox 660 4793 803 4861; x_wconf 88' lang='lat' dir='ltr'>doctrina,</span> <span class='ocrx_word' id='word_1_657' title='bbox 820 4795 912 4868; x_wconf 87' lang='lat' dir='ltr'>signis</span> <span class='ocrx_word' id='word_1_658' title='bbox 928 4802 957 4851; x_wconf 87' lang='lat' dir='ltr'>et</span> <span class='ocrx_word' id='word_1_659' title='bbox 1009 4793 1056 4850; x_wconf 87' lang='lat' dir='ltr'>cui</span> <span class='ocrx_word' id='word_1_660' title='bbox 1067 4793 1153 4848; x_wconf 90' lang='lat' dir='ltr'>inuiti</span> <span class='ocrx_word' id='word_1_661' title='bbox 1164 4793 1364 4865; x_wconf 88' lang='lat' dir='ltr'>solebarrt,qui</span> <span class='ocrx_word' id='word_1_662' title='bbox 1381 4797 1530 4866; x_wconf 86' lang='lat' dir='ltr'>superiora</span> <span class='ocrx_word' id='word_1_663' title='bbox 1540 4797 1641 4870; x_wconf 89' lang='lat' dir='ltr'>templi</span> <span class='ocrx_word' id='word_1_664' title='bbox 1657 4800 1831 4866; x_wconf 84' lang='lat' dir='ltr'>sarciebant,</span> 
     </span>
     <span class='ocr_line' id='line_1_83' title="bbox 133 4879 1831 4957; baseline 0.004 -20"><span class='ocrx_word' id='word_1_665' title='bbox 133 4879 316 4939; x_wconf 79' lang='lat' dir='ltr'>uurabilibus</span> <span class='ocrx_word' id='word_1_666' title='bbox 332 4883 532 4956; x_wconf 88' lang='lat' dir='ltr'>multipliciter</span> <span class='ocrx_word' id='word_1_667' title='bbox 556 4882 706 4951; x_wconf 88' lang='lat' dir='ltr'>claruisse,</span> <span class='ocrx_word' id='word_1_668' title='bbox 724 4888 751 4938; x_wconf 91' lang='lat' dir='ltr'>ct</span> <span class='ocrx_word' id='word_1_669' title='bbox 772 4889 837 4955; x_wconf 89' lang='lat' dir='ltr'>post</span> <span class='ocrx_word' id='word_1_670' title='bbox 857 4885 957 4940; x_wconf 90' lang='lat' dir='ltr'>emnia</span> <span class='ocrx_word' id='word_1_671' title='bbox 1010 4884 1179 4957; x_wconf 78' lang='lat' dir='ltr'>ignoranter</span> <span class='ocrx_word' id='word_1_672' title='bbox 1192 4889 1221 4937; x_wconf 88' lang='lat' dir='ltr'>ct</span> <span class='ocrx_word' id='word_1_673' title='bbox 1235 4882 1319 4954; x_wconf 88' lang='lat' dir='ltr'>quasi</span> <span class='ocrx_word' id='word_1_674' title='bbox 1337 4901 1387 4955; x_wconf 88' lang='lat' dir='ltr'>per</span> <span class='ocrx_word' id='word_1_675' title='bbox 1402 4901 1552 4941; x_wconf 76' lang='lat' dir='ltr'>incessum</span> <span class='ocrx_word' id='word_1_676' title='bbox 1565 4888 1675 4943; x_wconf 80' lang='lat' dir='ltr'>meritis</span> <span class='ocrx_word' id='word_1_677' title='bbox 1691 4888 1831 4944; x_wconf 86' lang='lat' dir='ltr'>ascendit.</span> 
     </span>
    </p>
   </div>
   <div class='ocr_carea' id='block_1_11' title="bbox 132 5024 1834 5458">
    <p class='ocr_par' dir='ltr' id='par_1_13' title="bbox 132 5024 1834 5458">
     <span class='ocr_line' id='line_1_84' title="bbox 163 5024 1833 5099; baseline 0.003 -17"><span class='ocrx_word' id='word_1_678' title='bbox 163 5027 202 5094; x_wconf 78' lang='lat' dir='ltr'>(t)</span> <span class='ocrx_word' id='word_1_679' title='bbox 219 5024 328 5082; x_wconf 87' lang='lat' dir='ltr'>lisdem</span> <span class='ocrx_word' id='word_1_680' title='bbox 343 5024 440 5083; x_wconf 83' lang='lat' dir='ltr'>verbis</span> <span class='ocrx_word' id='word_1_681' title='bbox 461 5024 593 5098; x_wconf 88' lang='lat' dir='ltr'>loquitur</span> <span class='ocrx_word' id='word_1_682' title='bbox 616 5024 772 5081; x_wconf 82' lang='lat' dir='ltr'>(terrasius</span> <span class='ocrx_word' id='word_1_683' title='bbox 793 5027 955 5085; x_wconf 88' lang='lat' dir='ltr'>monachus</span> <span class='ocrx_word' id='word_1_684' title='bbox 1009 5027 1057 5099; x_wconf 81' lang='lat' dir='ltr'>qut</span> <span class='ocrx_word' id='word_1_685' title='bbox 1070 5027 1177 5097; x_wconf 76' lang='lat' dir='ltr'>scarras</span> <span class='ocrx_word' id='word_1_686' title='bbox 1194 5025 1293 5082; x_wconf 83' lang='lat' dir='ltr'>itidem</span> <span class='ocrx_word' id='word_1_687' title='bbox 1304 5027 1333 5079; x_wconf 83' lang='lat' dir='ltr'>iu</span> <span class='ocrx_word' id='word_1_688' title='bbox 1344 5025 1457 5082; x_wconf 77' lang='lat' dir='ltr'>[terrane</span> <span class='ocrx_word' id='word_1_689' title='bbox 1472 5031 1605 5099; x_wconf 77' lang='lat' dir='ltr'>quievisse</span> <span class='ocrx_word' id='word_1_690' title='bbox 1618 5040 1758 5088; x_wconf 78' lang='lat' dir='ltr'>rueretur.</span> <span class='ocrx_word' id='word_1_691' title='bbox 1771 5033 1833 5088; x_wconf 87' lang='lat' dir='ltr'>Nou</span> 
     </span>
     <span class='ocr_line' id='line_1_85' title="bbox 134 5093 1834 5179; baseline 0.004 -27"><span class='ocrx_word' id='word_1_692' title='bbox 134 5093 434 5167; x_wconf 82' lang='lat' dir='ltr'>llorobemcusis,nisi</span> <span class='ocrx_word' id='word_1_693' title='bbox 446 5099 524 5170; x_wconf 92' lang='lat' dir='ltr'>quod</span> <span class='ocrx_word' id='word_1_694' title='bbox 535 5101 602 5169; x_wconf 89' lang='lat' dir='ltr'>post</span> <span class='ocrx_word' id='word_1_695' title='bbox 612 5096 672 5151; x_wconf 77' lang='lat' dir='ltr'>hac</span> <span class='ocrx_word' id='word_1_696' title='bbox 683 5099 769 5153; x_wconf 85' lang='lat' dir='ltr'>rerba</span> <span class='ocrx_word' id='word_1_697' title='bbox 786 5098 954 5171; x_wconf 87' lang='lat' dir='ltr'>interponit,</span> <span class='ocrx_word' id='word_1_698' title='bbox 1009 5114 1077 5169; x_wconf 87' lang='lat' dir='ltr'>crgo</span> <span class='ocrx_word' id='word_1_699' title='bbox 1093 5113 1218 5179; x_wconf 87' lang='lat' dir='ltr'>magnus</span> <span class='ocrx_word' id='word_1_700' title='bbox 1229 5097 1276 5152; x_wconf 91' lang='lat' dir='ltr'>illc</span> <span class='ocrx_word' id='word_1_701' title='bbox 1288 5096 1441 5164; x_wconf 84' lang='lat' dir='ltr'>Patricius,</span> <span class='ocrx_word' id='word_1_702' title='bbox 1455 5099 1484 5153; x_wconf 84' lang='lat' dir='ltr'>u.</span> <span class='ocrx_word' id='word_1_703' title='bbox 1498 5100 1634 5156; x_wconf 86' lang='lat' dir='ltr'>Germani</span> <span class='ocrx_word' id='word_1_704' title='bbox 1655 5103 1834 5159; x_wconf 80' lang='lat' dir='ltr'>Autissiodo-</span> 
     </span>
     <span class='ocr_line' id='line_1_86' title="bbox 132 5164 1833 5243; baseline 0.001 -16"><span class='ocrx_word' id='word_1_705' title='bbox 132 5164 314 5242; x_wconf 54' lang='lat' dir='ltr'>&amp;cererem</span> <span class='ocrx_word' id='word_1_706' title='bbox 330 5173 359 5226; x_wconf 83' lang='lat' dir='ltr'>ie</span> <span class='ocrx_word' id='word_1_707' title='bbox 373 5170 567 5227; x_wconf 71' lang='lat' dir='ltr'>taeterrime</span> <span class='ocrx_word' id='word_1_708' title='bbox 592 5169 721 5224; x_wconf 73' lang='lat' dir='ltr'>scelesta.</span> <span class='ocrx_word' id='word_1_709' title='bbox 748 5169 864 5226; x_wconf 87' lang='lat' dir='ltr'>Diccrcs</span> <span class='ocrx_word' id='word_1_710' title='bbox 886 5188 954 5228; x_wconf 92' lang='lat' dir='ltr'>nus·</span> <span class='ocrx_word' id='word_1_711' title='bbox 1008 5168 1128 5225; x_wconf 87' lang='lat' dir='ltr'>rensisc</span> <span class='ocrx_word' id='word_1_712' title='bbox 1151 5167 1833 5243; x_wconf 82' lang='lat' dir='ltr'>rscopidiscipulus,utopiuatusestWillelmus</span> 
     </span>
     <span class='ocr_line' id='line_1_87' title="bbox 133 5185 1831 5320; baseline 0.001 -22"><span class='ocrx_word' id='word_1_713' title='bbox 133 5255 217 5313; x_wconf 81' lang='lat' dir='ltr'>quem</span> <span class='ocrx_word' id='word_1_714' title='bbox 235 5241 327 5298; x_wconf 82' lang='lat' dir='ltr'>l&#39;uisec</span> <span class='ocrx_word' id='word_1_715' title='bbox 341 5247 426 5298; x_wconf 85' lang='lat' dir='ltr'>antea</span> <span class='ocrx_word' id='word_1_716' title='bbox 440 5240 599 5302; x_wconf 84' lang='lat' dir='ltr'>monachos</span> <span class='ocrx_word' id='word_1_717' title='bbox 613 5240 643 5294; x_wconf 94' lang='lat' dir='ltr'>in</span> <span class='ocrx_word' id='word_1_718' title='bbox 657 5238 771 5320; x_wconf 85' lang='lat' dir='ltr'>Anglia.</span> <span class='ocrx_word' id='word_1_719' title='bbox 787 5240 843 5295; x_wconf 91' lang='lat' dir='ltr'>Sed</span> <span class='ocrx_word' id='word_1_720' title='bbox 861 5242 901 5296; x_wconf 90' lang='lat' dir='ltr'>ita</span> <span class='ocrx_word' id='word_1_721' title='bbox 914 5243 955 5299; x_wconf 92' lang='lat' dir='ltr'>lo·</span> <span class='ocrx_word' id='word_1_722' title='bbox 1009 5185 1279 5296; x_wconf 77' lang='lat' dir='ltr'>Marmesluriensts</span> <span class='ocrx_word' id='word_1_723' title='bbox 1293 5238 1323 5292; x_wconf 93' lang='lat' dir='ltr'>in</span> <span class='ocrx_word' id='word_1_724' title='bbox 1341 5241 1390 5295; x_wconf 91' lang='lat' dir='ltr'>lib.</span> <span class='ocrx_word' id='word_1_725' title='bbox 1409 5258 1429 5294; x_wconf 94' lang='lat' dir='ltr'>u</span> <span class='ocrx_word' id='word_1_726' title='bbox 1450 5241 1490 5296; x_wconf 82' lang='lat' dir='ltr'>lle</span> <span class='ocrx_word' id='word_1_727' title='bbox 1510 5244 1707 5314; x_wconf 79' lang='lat' dir='ltr'>pontificibus,</span> <span class='ocrx_word' id='word_1_728' title='bbox 1723 5261 1787 5316; x_wconf 87' lang='lat' dir='ltr'>cop.</span> <span class='ocrx_word' id='word_1_729' title='bbox 1803 5246 1831 5300; x_wconf 80' lang='lat'>5.</span> 
     </span>
     <span class='ocr_line' id='line_1_88' title="bbox 133 5309 1832 5383; baseline 0.001 -15"><span class='ocrx_word' id='word_1_730' title='bbox 133 5318 264 5383; x_wconf 84' lang='lat' dir='ltr'>quantur</span> <span class='ocrx_word' id='word_1_731' title='bbox 274 5311 322 5368; x_wconf 85' lang='lat' dir='ltr'>isti</span> <span class='ocrx_word' id='word_1_732' title='bbox 334 5317 466 5369; x_wconf 85' lang='lat' dir='ltr'>auctores</span> <span class='ocrx_word' id='word_1_733' title='bbox 478 5312 578 5367; x_wconf 86' lang='lat' dir='ltr'>habita</span> <span class='ocrx_word' id='word_1_734' title='bbox 589 5311 700 5366; x_wconf 88' lang='lat' dir='ltr'>ratione</span> <span class='ocrx_word' id='word_1_735' title='bbox 711 5310 790 5365; x_wconf 84' lang='lat' dir='ltr'>illius</span> <span class='ocrx_word' id='word_1_736' title='bbox 805 5315 954 5383; x_wconf 88' lang='lat' dir='ltr'>temporis,</span> <span class='ocrx_word' id='word_1_737' title='bbox 1009 5312 1150 5368; x_wconf 85' lang='lat' dir='ltr'>Patricius</span> <span class='ocrx_word' id='word_1_738' title='bbox 1166 5312 1221 5367; x_wconf 90' lang='lat' dir='ltr'>iste</span> <span class='ocrx_word' id='word_1_739' title='bbox 1232 5309 1334 5382; x_wconf 77' lang='lat' dir='ltr'>Junior·</span> <span class='ocrx_word' id='word_1_740' title='bbox 1349 5311 1463 5366; x_wconf 85' lang='lat' dir='ltr'>videtur</span> <span class='ocrx_word' id='word_1_741' title='bbox 1488 5331 1551 5370; x_wconf 90' lang='lat' dir='ltr'>esse</span> <span class='ocrx_word' id='word_1_742' title='bbox 1574 5317 1697 5371; x_wconf 87' lang='lat' dir='ltr'>senioris</span> <span class='ocrx_word' id='word_1_743' title='bbox 1714 5314 1832 5380; x_wconf 85' lang='lat' dir='ltr'>liliolus,</span> 
     </span>
     <span class='ocr_line' id='line_1_89' title="bbox 151 5381 1833 5458; baseline 0.001 -17"><span class='ocrx_word' id='word_1_744' title='bbox 151 5401 184 5441; x_wconf 85' lang='lat' dir='ltr'>uo</span> <span class='ocrx_word' id='word_1_745' title='bbox 209 5383 390 5441; x_wconf 84' lang='lat' dir='ltr'>monasteria</span> <span class='ocrx_word' id='word_1_746' title='bbox 413 5386 473 5440; x_wconf 81' lang='lat' dir='ltr'>iere</span> <span class='ocrx_word' id='word_1_747' title='bbox 492 5383 592 5440; x_wconf 89' lang='lat' dir='ltr'>omnia</span> <span class='ocrx_word' id='word_1_748' title='bbox 607 5383 644 5438; x_wconf 89' lang='lat' dir='ltr'>ad</span> <span class='ocrx_word' id='word_1_749' title='bbox 658 5381 830 5438; x_wconf 88' lang='lat' dir='ltr'>clericorum</span> <span class='ocrx_word' id='word_1_750' title='bbox 846 5389 955 5441; x_wconf 90' lang='lat' dir='ltr'>sortem</span> <span class='ocrx_word' id='word_1_751' title='bbox 1009 5383 1060 5456; x_wconf 91' lang='lat' dir='ltr'>qui</span> <span class='ocrx_word' id='word_1_752' title='bbox 1075 5385 1141 5440; x_wconf 90' lang='lat' dir='ltr'>e&#39;us</span> <span class='ocrx_word' id='word_1_753' title='bbox 1155 5382 1250 5437; x_wconf 88' lang='lat' dir='ltr'>Vitam</span> <span class='ocrx_word' id='word_1_754' title='bbox 1279 5381 1431 5453; x_wconf 88' lang='lat' dir='ltr'>scripsisse</span> <span class='ocrx_word' id='word_1_755' title='bbox 1456 5385 1564 5440; x_wconf 93' lang='lat' dir='ltr'>dicitur</span> <span class='ocrx_word' id='word_1_756' title='bbox 1586 5403 1604 5442; x_wconf 92' lang='lat' dir='ltr'>a</span> <span class='ocrx_word' id='word_1_757' title='bbox 1626 5385 1767 5454; x_wconf 86' lang='lat' dir='ltr'>tecelino,</span> <span class='ocrx_word' id='word_1_758' title='bbox 1782 5386 1833 5458; x_wconf 90' lang='lat' dir='ltr'>qui</span> 
     </span>
    </p>
   </div>
   <div class='ocr_carea' id='block_1_12' title="bbox 195 5452 1835 5607">
    <p class='ocr_par' dir='ltr' id='par_1_14' title="bbox 195 5452 1835 5607">
     <span class='ocr_line' id='line_1_90' title="bbox 195 5452 1835 5607; baseline 0.002 -96"><span class='ocrx_word' id='word_1_759' title='bbox 195 5454 434 5511; x_wconf 69' lang='lat' dir='ltr'>sier-anensem</span> <span class='ocrx_word' id='word_1_760' title='bbox 450 5453 726 5511; x_wconf 88' lang='lat' dir='ltr'>modelocutisunt</span> <span class='ocrx_word' id='word_1_761' title='bbox 749 5452 870 5526; x_wconf 89' lang='lat' dir='ltr'>quidam</span> <span class='ocrx_word' id='word_1_762' title='bbox 887 5459 956 5513; x_wconf 91' lang='lat' dir='ltr'>tunc</span> <span class='ocrx_word' id='word_1_763' title='bbox 1009 5455 1080 5512; x_wconf 89' lang='lat' dir='ltr'>item</span> <span class='ocrx_word' id='word_1_764' title='bbox 1134 5454 1747 5607; x_wconf 71' lang='lat' dir='ltr'>niqnunr(cujusossaGtastoniarseruata</span> <span class='ocrx_word' id='word_1_765' title='bbox 1764 5457 1835 5514; x_wconf 91' lang='lat' dir='ltr'>dicit</span> 
     </span>
    </p>
   </div>
   <div class='ocr_carea' id='block_1_13' title="bbox 135 5524 1832 5674">
    <p class='ocr_par' dir='ltr' id='par_1_15' title="bbox 135 5524 1832 5674">
     <span class='ocr_line' id='line_1_91' title="bbox 135 5524 1832 5612; baseline 0.006 -31"><span class='ocrx_word' id='word_1_766' title='bbox 135 5530 187 5583; x_wconf 86' lang='lat' dir='ltr'>tem</span> <span class='ocrx_word' id='word_1_767' title='bbox 248 5525 622 5612; x_wconf 22' lang='lat' dir='ltr'>&#39;ermriptoresttalliceniq</span> <span class='ocrx_word' id='word_1_768' title='bbox 740 5597 745 5608; x_wconf 31' lang='grc' dir='ltr'>ι</span> <span class='ocrx_word' id='word_1_769' title='bbox 783 5597 789 5608; x_wconf 36' lang='lat'><strong>·</strong></span> <span class='ocrx_word' id='word_1_770' title='bbox 1009 5527 1175 5586; x_wconf 83' lang='lat' dir='ltr'>willelmus</span> <span class='ocrx_word' id='word_1_771' title='bbox 1201 5524 1568 5602; x_wconf 87' lang='lat' dir='ltr'>aliosqucduosejusdem</span> <span class='ocrx_word' id='word_1_772' title='bbox 1582 5527 1652 5587; x_wconf 82' lang='lat' dir='ltr'>Vite</span> <span class='ocrx_word' id='word_1_773' title='bbox 1675 5529 1832 5610; x_wconf 76' lang='lat' dir='ltr'>scriptores</span> 
     </span>
     <span class='ocr_line' id='line_1_92' title="bbox 217 5596 1120 5674; baseline 0.001 -18"><span class='ocrx_word' id='word_1_774' title='bbox 217 5597 431 5659; x_wconf 63' lang='lat' dir='ltr'>remanere</span> <span class='ocrx_word' id='word_1_775' title='bbox 451 5598 521 5659; x_wconf 80' lang='lat' dir='ltr'>leae</span> <span class='ocrx_word' id='word_1_776' title='bbox 542 5599 659 5656; x_wconf 81' lang='lat' dir='ltr'>Petrae</span> <span class='ocrx_word' id='word_1_777' title='bbox 677 5612 801 5674; x_wconf 63' lang='lat' dir='ltr'>perure</span> <span class='ocrx_word' id='word_1_778' title='bbox 827 5596 957 5662; x_wconf 77' lang='lat' dir='ltr'>tenera</span> <span class='ocrx_word' id='word_1_779' title='bbox 1009 5601 1120 5660; x_wconf 86' lang='lat' dir='ltr'>laudat.</span> 
     </span>
    </p>
   </div>
   <div class='ocr_carea' id='block_1_14' title="bbox 0 0 1965 6084">
    <p class='ocr_par' dir='ltr' id='par_1_16' title="bbox 0 0 1965 6084">
     <span class='ocr_line' id='line_1_93' title="bbox 0 0 1965 6084; baseline 0 0"><span class='ocrx_word' id='word_1_780' title='bbox 0 0 1965 6084; x_wconf 95' lang='lat' dir='ltr'> </span> 
     </span>
    </p>
   </div>
  </div>
 </body>
</html>
