3900 6090
118 216 176 289 501
685 225 737 287 DE
758 224 949 288 sectatae
969 221 1259 289 Menaefloeultl.
1761 208 1820 284 502

118 354 795 430 obierltsisepulturaeimpendendapraparari
807 362 940 432 possunt,
956 358 984 427 Α
998 355 1114 414 nalibus
1130 357 1268 427 flammis,
1284 373 1371 431 quem
1394 355 1526 430 ejusdem
1550 354 1615 414 Filii
1638 354 1682 412 tui
1705 353 1821 413 Dommi

116 450 186 504 ante
202 447 387 504 relectionem
400 447 522 502 fratrum
535 445 693 519 sepeliatur
704 448 829 521 peractis
842 447 948 504 missa·
1002 448 1095 503 nostri
1111 449 1181 505 Jesu
1196 448 1303 503 Christi
1314 448 1440 521 glorioso
1452 447 1595 520 sanguine
1607 446 1823 513 redemistioui

117 554 185 594 rum
201 537 460 603 celebrationibus,
472 536 517 591 siu
534 537 633 592 minus
648 536 946 605 ordinenturlratres,
1001 540 1111 606 tecum,
1126 543 1155 592 et
1171 554 1238 593 eum
1263 537 1374 610 Spiritu
1400 541 1511 605 sancte,
1526 536 1595 592 vivit
1620 541 1648 592 et
1673 539 1775 609 regnat
1794 536 1824 590 in

117 626 168 701 qui
180 626 244 682 sine
255 625 473 681 intermissione
485 625 655 697 psalmodias
665 626 946 694 vacent,residentes
1002 624 1108 683 seculo
1123 625 1307 682 saeculorum.
1324 648 1337 674 n

117 717 196 798 cipes
211 730 316 787 corpus
332 715 379 769 die
390 720 536 787 noctuque
550 715 694 786 sequenti,
707 715 798 770 donec
810 731 895 769 mane
907 714 947 769 lo·
1036 716 1071 770 Et
1087 719 1192 789 agatur
1206 732 1258 787 pro
1268 732 1301 770 eo
1312 714 1515 786 prima,tertia,
1530 714 1663 786 septima,
1675 713 1826 787 trigesima

118 809 371 877 ctoeorpusterrso
383 804 947 860 commendetur:consummatisonmi-
1001 803 1063 859 dics
1080 803 1217 876 plenarie,
1235 803 1355 875 reliquis
1372 804 1426 858 sub
1443 803 1591 870 brevitate,
1605 809 1749 858 etnomen
1760 802 1824 874 ejus

119 895 176 950 bus
187 911 250 967 quar
259 892 416 965 sepulturae
424 893 681 961 officiodebentur‚
689 891 947 966 ibidemincipien-
1001 896 1118 947 notetur
1132 891 1162 946 in
1175 892 1394 961 anniversariis,
1411 897 1441 948 at
1455 909 1489 947 ex
1505 893 1603 965 ignoto
1620 896 1733 948 tantum
1744 909 1824 948 com·

117 988 164 1041 tes
190 987 301 1055 septem
331 981 507 1054 poenitentias
537 980 667 1055 psalmos
698 984 880 1037 revertantur
909 981 945 1037 od
1000 980 1148 1037 mendatio
1164 979 1277 1048 anima,
1295 986 1324 1036 et
1338 998 1397 1035 una
1413 980 1484 1036 dies.

118 1072 284 1140 eeclesiam,
300 1074 329 1126 et
345 1071 483 1144 prostrati
499 1088 596 1127 eoram
613 1076 714 1127 sancto
726 1069 809 1126 altari
830 1070 943 1126 finiant.
1036 1069 1066 1126 Si
1082 1073 1180 1125 autem
1197 1069 1236 1137 hi,
1254 1070 1305 1142 qui
1324 1068 1406 1126 valde
1432 1068 1588 1126 necessarii
1616 1073 1685 1124 sunt
1710 1069 1769 1124 sive
1793 1070 1823 1125 in

118 1162 238 1219 eosdem
249 1159 379 1234 psalmos
389 1178 441 1233 pro
453 1161 540 1216 lrntre
551 1160 686 1215 deluncto
698 1176 704 1213 t
719 1159 824 1214 dehinc
836 1176 887 1232 per
897 1176 944 1215 so·
999 1158 1318 1232 spiritualibus,sivoin
1328 1158 1528 1231 corporalibus
1540 1158 1631 1214 nimia
1641 1175 1823 1232 pregravau·

118 1255 200 1326 ptem
214 1250 368 1306 continuos
381 1250 443 1305 dies
459 1249 588 1322 plenario
600 1248 812 1323 agaturvigilia
826 1249 945 1304 ollereu·
1000 1253 1049 1304 tur
1063 1248 1242 1317 infirmitate,
1259 1250 1330 1304 dum
1346 1247 1374 1303 id
1392 1267 1408 1303 a
1425 1248 1525 1322 gerulo
1540 1248 1709 1304 nuntiatum
1724 1248 1822 1319 luerit,

117 1341 200 1398 tibus
215 1340 330 1396 cunctis
346 1339 381 1394 ad
397 1337 600 1394 matutinalem
617 1338 791 1405 missumst
806 1337 943 1392 omnibus
999 1337 1077 1393 illico
1091 1336 1208 1410 pulsata
1224 1337 1428 1393 tantummodo
1445 1336 1544 1392 tabula
1559 1353 1660 1393 omnes
1680 1338 1716 1393 ad
1731 1337 1822 1394 eccle-

118 1429 199 1488 horis
216 1428 399 1499 regularibus
415 1427 506 1483 finitis
522 1445 613 1483 unum
629 1444 663 1482 ex
679 1427 856 1500 praescriptis
878 1443 943 1498 pro
999 1426 1073 1482 siam
1089 1425 1261 1482 conveniant
1277 1444 1309 1481 ae
1320 1443 1358 1480 vn
1375 1425 1550 1498 peanitentiae
1566 1426 1695 1499 psalmos
1710 1444 1776 1482 cum
1788 1425 1822 1482 li-

118 1518 204 1576 strati
219 1521 327 1573 canunt
342 1515 501 1589 psalmum,
520 1518 660 1589 sequente
675 1517 805 1571 oratione
821 1515 945 1570 :exinde
999 1515 1097 1585 tuniis,
1114 1520 1142 1571 et
1155 1515 1335 1571 orationibus
1349 1515 1487 1587 congruis
1503 1534 1554 1588 pro
1571 1515 1612 1571 eis
1628 1533 1694 1571 cum
1716 1533 1824 1590 magua

118 1607 264 1680 usquead
280 1606 466 1679 trigesimum
481 1604 558 1660 diem
575 1621 655 1659 more
669 1603 754 1659 solito
765 1621 832 1658 cum
849 1602 942 1659 tribus
999 1604 1150 1678 diligentia
1162 1609 1315 1677 perorent;
1333 1604 1367 1660 de
1383 1603 1448 1661 aliis
1462 1622 1531 1661 veoo
1547 1604 1672 1661 infirmis
1687 1609 1823 1679 utsupra

117 1696 295 1754 lectionibus
311 1698 415 1768 agatur
436 1693 537 1767 vigilia
559 1693 698 1750 offerente
722 1710 780 1748 uno
803 1692 891 1749 choro
906 1693 941 1748 ad
960 1694 1111 1802 ¹3dietum
1126 1699 1171 1750 est
1185 1698 1298 1766 agatur.

118 1786 254 1853 missam,
270 1783 421 1858 trigesimo
435 1800 502 1839 vero
518 1782 564 1837 die
579 1781 685 1838 iterum
701 1780 889 1855 plenarie,his
900 1785 943 1836 ta-
1036 1784 1175 1839 Prrelatus
1187 1784 1305 1855 quidem
1315 1788 1405 1839 renut
1415 1784 1504 1856 hujus
1516 1784 1606 1840 libelli
1617 1785 1823 1860 epilogum‚uti

119 1891 188 1931 meu
203 1891 258 1930 xxx
273 1872 377 1928 diebus
392 1871 523 1944 quotidie
538 1872 723 1927 sacerdotum
739 1869 944 1943 uuusquisque
999 1872 1173 1947 prooemium
1185 1871 1304 1927 fideliae
1316 1871 1480 1928 rationabili
1491 1873 1700 1931 exhortationis
1710 1875 1823 1931 monitu

118 1963 241 2022 secretis
255 1961 372 2019 oratorii
388 1960 459 2018 locis
471 1959 634 2032 specialiter
643 1977 694 2033 pro
705 1976 738 2015 eo
751 1960 858 2015 missas
870 1958 943 2014 cele·
1000 1962 1093 2035 carpit,
1110 1961 1269 2017 orthodoxe
1284 1960 1484 2029 concluderet,
1498 1962 1634 2034 prudenti
1661 1963 1823 2020 discutiens

119 2054 185 2110 bret
196 2069 205 2107 t
217 2049 332 2108 diaconi
340 2068 407 2108 vero
418 2049 588 2122 psalterium
598 2046 944 2120 exintegro,subdiaconi
1000 2050 1132 2106 examine
1148 2066 1215 2104 eum
1232 2066 1338 2122 magno
1354 2067 1413 2104 sua
1430 2048 1514 2122 regia
1527 2052 1680 2122 potestatis
1699 2052 1823 2126 imperio

119 2156 238 2215 quoque
252 2138 540 2213 quinquagenarium
556 2136 743 2193 devotissime
767 2135 904 2210 psallant,
920 2135 944 2190 si
1000 2139 1177 2194 interdicens
1198 2155 1374 2211 magnopere
1394 2139 1496 2211 jussit,
1514 2142 1548 2195 ut
1572 2157 1657 2196 nemo
1682 2141 1823 2198 abbatum

118 2233 221 2287 antem
233 2228 364 2302 occupati
375 2227 487 2283 unodie
498 2226 681 2299 nequiverint
690 2225 747 2281 alia
760 2224 944 2298 persolvant:
1000 2229 1042 2284 vel
1060 2227 1276 2284 abbatissarum
1287 2227 1342 2284 sibi
1354 2225 1489 2284 locellum
1501 2230 1537 2284 ad
1549 2230 1602 2285 hoc
1614 2231 1825 2288 thesaurizaret

119 2315 625 2389 mittaturetiamcpistolaodvicina
635 2330 757 2388 quaeque
768 2314 947 2370 monasteria
1001 2322 1160 2383 terrenum,
1179 2321 1211 2371 ut
1226 2316 1329 2373 solitus
1347 2334 1463 2387 census,
1476 2336 1563 2391 quem
1575 2319 1717 2394 indigena
1732 2321 1826 2378 llerie·

120 2409 255 2482 eJ'usdem
269 2404 459 2481 depositionis
474 2405 683 2462 denuntiatura
698 2404 786 2473 diem,
797 2408 830 2459 ut
842 2404 896 2460 iste
909 2402 947 2459 sit
1002 2415 1049 2462 teo
1064 2404 1205 2460 usualiter
1219 2404 1356 2474 vocitent,
1369 2408 1417 2478 qui
1431 2424 1481 2478 pro
1492 2407 1582 2479 hujus
1593 2409 1692 2482 patriae
1703 2411 1827 2482 potenti·

120 2511 252 2555 sensus:
1001 2496 1058 2551 bus
1072 2498 1139 2567 post
1154 2494 1266 2548 obitum
1283 2494 1399 2566 regibus
1416 2496 1479 2550 dari
1503 2496 1587 2565 solet,
1604 2500 1681 2553 unde
1706 2515 1758 2571 pro
1783 2499 1826 2556 eis

156 2584 430 2643 oomnnstooas
441 2582 775 2640 monosteriiN.cunetis
786 2582 947 2639 sanctone
1003 2582 1187 2640 saccularium
1203 2581 1367 2639 imitatione
1382 2584 1444 2639 dari
1460 2588 1568 2656 posset,
1582 2584 1734 2656 haberent,
1746 2587 1826 2644 etsie

120 2674 217 2733 clesice
242 2672 379 2730 fidelibus
401 2677 462 2730 tam
488 2672 625 2745 praelatis,
643 2689 732 2745 quam
756 2675 785 2727 et
809 2670 945 2727 subditis.
1000 2671 1119 2728 Ananiae
1135 2673 1164 2726 et
1179 2669 1307 2742 Saphirae
1324 2672 1509 2728 anathemate
1523 2677 1691 2730 corruentes
1709 2675 1746 2731 ad
1763 2692 1826 2732 ma·

122 2763 343 2821 «cumcunetis
353 2760 746 2818 maneotsorsirrevocabilis
754 2760 947 2828 horoe,notum
1002 2776 1094 2834 gnum
1111 2776 1169 2815 sua
1184 2759 1288 2815 animae
1300 2759 1510 2816 detrimentum
1522 2767 1628 2819 sanctae
1640 2761 1745 2835 regule
1757 2780 1827 2837 prce·

124 2853 208 2911 vobis
218 2868 283 2910 esse
293 2851 603 2924 cupimnsdequodam
614 2851 701 2905 lratre
712 2854 811 2905 nostro
822 2849 948 2921 N.quem
1003 2852 1085 2922 cepta
1101 2847 1258 2921 peculiaria
1271 2847 1371 2904 omnia
1386 2850 1571 2921 prohibentia
1585 2850 1826 2921 annularent,aed

125 2943 270 3001 Dominus
285 2939 475 3016 decrgastulo
486 2940 576 3012 hujus
589 2938 688 2996 saculi
700 2955 800 2994 vocare
811 2939 949 3012 dignatus
1003 2937 1058 2994 hoc
1073 2942 1133 2993 tom
1150 2937 1217 3005 sibi,
1234 2954 1322 3009 quam
1338 2939 1451 2994 cunctis
1465 2940 1685 2996 suecessoribus
1699 2941 1761 2998 suis
1774 2958 1827 3015 pro

125 3035 171 3090 est
185 3032 232 3088 die
245 3031 291 3100 lt,
308 3047 360 3103 pro
375 3047 432 3103 quo
443 3028 746 3085 obsecramusobnise
756 3026 865 3083 utsitis
875 3032 948 3082 stre·
1004 3027 1109 3083 abbate
1123 3026 1166 3081 vel
1182 3026 1333 3082 abbatissa
1348 3027 1420 3095 dari,
1439 3029 1468 3083 in
1485 3028 1602 3098 Christi,
1619 3030 1705 3102 eujus
1727 3029 1828 3088 vicarii

127 3121 178 3178 uui
194 3120 403 3176 interventores
417 3120 452 3175 ad
469 3117 626 3174 Dominum
643 3117 807 3189 sentiatque
818 3116 847 3171 in
863 3109 985 3176 iuter-C
1006 3119 1086 3184 sunt,
1102 3115 1224 3187 ejusque
1239 3115 1389 3188 genitricis
1403 3118 1509 3186 illaria,
1523 3135 1555 3173 oc
1567 3119 1699 3175 omnium
1710 3123 1830 3176 sancto·

125 3210 261 3268 ventione
277 3208 384 3282 quibus
399 3209 493 3264 luerat
508 3207 610 3263 unitus
627 3206 657 3262 iu
681 3205 793 3262 ordinis
818 3221 950 3261 commu·

127 3298 223 3356 aione.
240 3320 255 3350 u

161 3387 281 3457 Quodsi
295 3404 330 3444 ex
338 3386 394 3444 alio
403 3385 579 3442 monasterio
591 3390 659 3442 uoto
670 3402 703 3441 ac
714 3384 852 3441 familiari
864 3385 952 3441 trater

129 3479 195 3554 qois
209 3477 364 3533 nuntiatus
375 3475 462 3531 luerit
472 3474 638 3542 defunctus,
651 3473 823 3530 conveniant
835 3473 953 3546 pulsata

129 3567 229 3624 tabula
239 3564 368 3638 undique
378 3564 598 3632 fratresmotis,
607 3564 648 3618 uti
661 3561 953 3635 praediximusomni·

129 3657 186 3713 bus
200 3655 304 3729 signis,
318 3671 357 3711 vn
370 3654 546 3726 poenitentias
561 3653 698 3725 prostrati
712 3652 740 3706 in
751 3649 876 3707 oratorio
889 3667 953 3706 mo·

131 3744 272 3802 dulcator
285 3742 425 3816 psalmos,
437 3742 498 3798 brec
509 3743 706 3814 subsequente
718 3739 866 3796 oratione:
880 3762 893 3789 o
906 3740 955 3795 Sa-

130 3834 259 3891 tisiaeiat
268 3832 462 3900 tibi,l)omine
472 3832 548 3887 Deus
560 3834 669 3899 noster,
679 3847 731 3903 pro
742 3829 841 3885 anima
855 3828 954 3884 fratris

132 3921 226 3980 nostri
239 3921 274 3977 N.
290 3920 380 3978 beata
395 3920 510 3976 Domini
536 3918 686 3993 genitricis
710 3934 883 3992 semperque
898 3916 954 3972 vir-

133 4011 210 4087 ginis
239 4008 347 4078 Mariae,
368 4014 397 4066 et
418 4010 511 4066 sancti
541 4008 616 4065 Petri
645 4007 769 4082 apostoli
797 4007 839 4063 tui
869 4010 956 4079 atque

134 4097 228 4168 saneti
242 4097 390 4156 Benedicti
401 4098 577 4155 confessoris
588 4097 630 4154 tui
642 4097 834 4169 omniumque
844 4099 956 4152 sancte

134 4205 200 4246 rum
214 4192 334 4247 tuorum
349 4187 441 4244 oratio
456 4190 485 4244 et
499 4185 651 4260 presentis
661 4184 778 4242 familiae
790 4190 845 4239 tun
854 4184 957 4240 devota

1007 3221 1072 3260 rum
1088 3204 1206 3260 nonninc
1222 3208 1327 3259 aterno
1344 3205 1495 3277 prohibuit
1511 3206 1644 3279 imperio,
1660 3208 1714 3264 hoc
1730 3212 1828 3266 autem

1006 3291 1144 3350 benevola
1164 3293 1324 3348 intentione
1348 3293 1490 3351 hortando
1515 3297 1618 3366 suasit,
1635 3300 1669 3353 ut
1683 3301 1830 3355 monaste·

1007 3383 1116 3438 riorum
1132 3387 1240 3455 patros,
1257 3386 1424 3456 matresque
1440 3402 1621 3458 quaeeunque
1645 3403 1734 3459 super
1758 3405 1831 3444 usus

1007 3471 1187 3527 necessarios
1212 3471 1393 3541 restaverint,
1411 3491 1462 3546 per
1487 3492 1593 3531 manus
1617 3493 1780 3549 pauperum
1799 3475 1830 3533 in

1007 3559 1138 3616 eoelestes
1153 3576 1220 3614 enm
1236 3577 1343 3632 magna
1357 3565 1386 3616 et
1395 3563 1460 3635 jugi
1482 3563 1716 3634 compunctione
1729 3582 1830 3621 recon-

1008 3651 1079 3705 dant
1094 3649 1256 3716 thesaurOS,
1274 3666 1330 3720 quo
1346 3666 1466 3721 corpore
1481 3651 1510 3706 in
1527 3656 1605 3707 terra
1616 3653 1748 3726 degente,
1766 3654 1829 3709 ani-

1009 3754 1076 3793 mus
1092 3737 1130 3791 ibi
1147 3738 1344 3794 conversando
1360 3739 1545 3811 subsequens
1560 3745 1687 3810 maneat,
1704 3742 1754 3796 ubi
1769 3742 1831 3798 the·

1009 3842 1111 3881 sauros
1136 3826 1236 3881 ordine
1260 3825 1401 3898 premisit
1424 3826 1601 3898 justissimo.
1618 3829 1649 3886 Si
1673 3848 1736 3903 que
1761 3848 1829 3888 vero

1008 3916 1104 3990 priore
1120 3916 1245 3972 obeunte
1260 3917 1468 3988 superfuerint,
1484 3918 1668 3990 subsequens
1690 3919 1781 3976 obbas
1796 3923 1829 3976 ut

1009 4005 1106 4062 Sancti
1127 4004 1249 4077 spiritus
1271 4005 1364 4077 gratia
1387 4005 1567 4073 instruxerit,
1584 4024 1642 4063 non
1658 4007 1831 4081 propinquis

1010 4092 1225 4149 carnalibusvel
1237 4093 1368 4166 tyrannis
1380 4094 1570 4152 sacularibus
1581 4098 1743 4153 seeundum
1754 4101 1833 4154 ante·

1011 4182 1096 4238 rioris
1112 4183 1253 4238 dictatum
1276 4183 1441 4253 dividendo,
1459 4185 1510 4240 sed
1536 4185 1760 4243 necessitatibus
1775 4186 1833 4242 lra-

135 4275 321 4354 sopplieatio,
336 4281 369 4332 ut
384 4279 569 4349 peecatorum
585 4275 719 4330 omnium
736 4273 852 4330 veniam
869 4266 996 4345 quaml)
1011 4276 1089 4326 trum
1105 4288 1138 4327 ac
1154 4286 1315 4344 pauperum
1328 4273 1536 4344 subveniendo,
1549 4274 1690 4332 ordinans
1701 4289 1769 4332 cum
1779 4273 1834 4330 ire·

135 4379 299 4436 precamur,
308 4364 447 4434 obtinent,
455 4381 581 4423 ueceum
589 4363 710 4438 patiaris
718 4361 843 4419 cruciari
854 4361 960 4435 gehen-

1012 4364 1091 4416 trum
1107 4359 1238 4431 consilio,
1256 4361 1403 4433 sapienter
1417 4363 1565 4435 disponat.
