3900 6090
120 268 161 328 89
921 274 1027 340 VITA.
1484 276 1492 295 “
1782 275 1824 336 00

121 401 199 470 qriod
216 406 302 456 antea
317 403 404 456 I'OIIUS
418 409 479 457 erat
495 406 728 477 pauperrimum,
741 423 842 465 omnes
858 407 947 463 simul
962 408 1027 473 Act
1034 407 1185 477 juvamine
1197 405 1317 460 alterius
1329 405 1454 460 ministri
1471 421 1617 476 peregero.
1630 406 1741 460 Accidit
1753 424 1820 463 nam

121 488 229 543 divitiae
246 497 418 560 putarentur
430 493 558 560 abluere,
575 499 604 548 et
619 496 661 550 sic
678 501 783 553 cuneta
798 496 946 569 prosperis
1001 511 1056 566 qrre
1072 496 1199 566 quadam
1216 494 1273 560 die,
1285 494 1355 548 dum
1368 494 1458 550 abbas
1469 510 1547 549 more
1560 494 1643 548 solito
1655 500 1822 567 peragraret

120 578 776 653 successibusoccurreremtpalamsententie
787 583 944 639 Dominicae
1001 585 1221 649 monasterinm,
1239 588 1270 637 ut
1287 583 1426 653 aspiceret
1444 582 1821 653 itlnmtratremjuxtatcr·
1853 634 1857 642 ,

120 666 279 737 promissio
296 667 410 740 Implevi
428 669 584 736 rideretur,
601 688 660 743 qna
675 672 804 728 dicitur:
819 674 945 728 Priorum
999 689 1069 727 vens
1085 671 1257 735 caldarium,
1273 672 1301 725 tn
1317 688 1375 742 quo
1392 670 1528 726 victualia
1541 671 1723 742 praeparabat
1734 672 1822 727 artili-

120 757 237 825 qmerite
255 772 369 826 repetam
382 758 431 812 Ilei
444 765 470 813 et
485 760 623 831 justitiam
637 762 709 831 ejus,
724 770 750 816 el
767 765 859 817 einata
872 762 944 834 adji-
999 762 1093 827 cibus,
1109 766 1137 815 ct
1154 762 1266 815 intrans
1280 760 1352 814 vidit
1368 761 1467 815 onmia
1480 776 1550 814 vasa
1565 759 1771 828 mundissima,
1788 778 1821 816 ac

119 845 229 898 cientur
243 845 326 900 nobb.
1000 851 1196 922 pavimentum
1213 853 1375 920 scopatum,
1389 848 1565 920 dixitquead
1582 866 1648 904 eum
1661 848 1746 903 hilari
1758 850 1819 904 rut-

155 933 301 989 Craxlt.
318 934 403 989 Venit
431 953 499 1007 ergo
526 954 573 993 rex
601 939 728 1010 quadam
756 940 803 994 die
825 941 861 995 ad
881 957 954 1005 mo.
999 945 1048 994 tu:
1067 939 1089 993 Ο
1106 940 1144 992 mi
1163 937 1404 1004 traterEltstane,
1425 937 1501 992 hanc
1525 938 1721 993 obedientiam
1748 938 1819 993 mibi

120 1021 294 1088 hasterium,
307 1026 339 1077 ut
349 1023 537 1080 edificiorum
553 1031 731 1082 structuram
747 1029 943 1103 perseipsum
1000 1029 1113 1084 iuratus
1128 1044 1169 1093 es,
1182 1043 1270 1099 qnam
1281 1042 1327 1080 me
1339 1027 1490 1097 ignorante
1500 1042 1634 1113 exerces
1642 1026 1698 1081 Sed
1714 1027 1738 1080 si
1755 1026 1822 1083 talis
1852 1092 1858 1103 ,

118 1111 944 1184 ordinaret;mensusqueomniatnndamentamonasterii
1000 1116 1083 1171 mites
1099 1115 1205 1170 Christi
1221 1113 1386 1187 es,qnalem
1403 1119 1430 1169 te
1445 1112 1584 1180 ostendis,
1602 1115 1684 1169 mitte
1699 1131 1820 1170 manum

120 1199 346 1270 propriomanu,
359 1203 607 1271 quemadmodum
617 1221 717 1261 muros
727 1204 837 1279 erigere
848 1207 944 1264 decre
999 1211 1079 1260 tuam
1089 1205 1117 1259 in
1126 1204 1296 1260 bullientem
1308 1209 1462 1275 aquomst
1473 1203 1742 1258 unmnt’rnstnmde
1752 1203 1821 1260 imis

117 1292 209 1355 verat,
227 1288 396 1361 rogavitque
410 1307 478 1345 cum
495 1292 585 1346 atthas
600 1292 629 1346 iu
651 1293 776 1366 hospitio
796 1313 863 1351 eum
880 1297 943 1352 suis
999 1294 1070 1348 mihi
1086 1293 1209 1364 impiger
1220 1292 1343 1359 attrahe,
1359 1293 1408 1364 qui
1423 1292 1522 1347 statim
1534 1292 1596 1346 sine
1610 1308 1692 1347 mora
1702 1293 1821 1348 mittens

119 1377 273 1448 prandere.
290 1378 400 1433 Annuit
416 1397 464 1434 rex
478 1379 566 1448 illico,
583 1387 611 1435 et
626 1383 747 1456 contigit
762 1385 865 1440 edesse
887 1386 943 1442 sibi
999 1400 1120 1438 merium
1135 1399 1218 1437 suam
1236 1382 1271 1436 ad
1288 1382 1380 1434 imum
1397 1381 1509 1446 lebetis,
1536 1380 1677 1436 abstraxIt
1693 1382 1819 1436 frustum

118 1482 179 1521 nen
195 1482 305 1536 paucos
320 1467 496 1538 optimatum
512 1486 633 1526 suornm
649 1472 796 1529 venientes
811 1491 844 1529 ax
857 1479 943 1547 gente
998 1471 1152 1538 fervidum,
1168 1488 1225 1525 non
1237 1469 1499 1525 sentiensealorem
1510 1470 1647 1524 terrentis
1659 1472 1821 1541 aquatius

119 1554 433 1624 h'erdanhimbrorum,
451 1558 501 1629 qui
517 1575 619 1615 omnes
641 1578 709 1616 cum
724 1579 791 1635 rege
806 1563 944 1622 adierunt
997 1560 1069 1624 vise,
1082 1561 1172 1615 abbas
1179 1560 1271 1629 jussb
1281 1559 1407 1613 trustum
1419 1558 1535 1629 deponi,
1548 1561 1576 1612 et
1586 1558 1697 1612 nemini
1708 1558 1762 1612 hoc
1774 1559 1820 1614 in·

118 1642 294 1697 convivium.
312 1644 505 1718 balatusque
519 1664 568 1702 rex
579 1653 607 1703 et.
613 1649 704 1719 jussit
720 1651 837 1707 abunde
847 1653 944 1724 propi·
997 1649 1094 1704 dicore
1108 1647 1225 1703 riventi.
1244 1646 1329 1703 Illum
1345 1664 1411 1701 vero
1432 1648 1550 1701 tratrem
1568 1646 1754 1718 postmodum
1771 1648 1820 1702 ab·

118 1748 188 1785 nare
200 1731 366 1802 hospitibus
376 1732 591 1805 hydromellum
601 1736 952 1812 [etmedonemtclausis‘
997 1738 1093 1794 batem
1110 1738 1236 1792 vidimus
1252 1736 1429 1799 ordinatum,
1442 1735 1492 1807 qni
1503 1736 1590 1791 etiam
1606 1735 1710 1790 deinde
1726 1737 1820 1807 ponti-

119 1818 276 1892 diligenter
291 1820 412 1889 toribus,
431 1839 466 1878 ne
477 1825 544 1894 quta
558 1824 696 1898 fugiendo
708 1828 885 1898 potationem
897 1848 941 1885 re·
998 1827 1075 1883 ticeli
1090 1827 1200 1882 honoro
1216 1825 1403 1892 sublimatus,
1419 1823 1553 1879 Ecclesia
1572 1822 1761 1879 wiltuniensi
1777 1828 1822 1883 est

119 1907 195 1977 galis
211 1908 333 1965 convivii
349 1910 481 1966 deserere
492 1912 648 1969 videretur.
661 1915 734 1980 Ouid
746 1917 858 1972 multat
869 1917 941 1975 hau·
998 1916 1145 1989 prelatus,
1155 1920 1184 1970 et
1193 1915 1277 1970 beato
1288 1914 1346 1969 sme
1356 1914 1412 1984 (tc)
1421 1913 1451 1967 in
1460 1913 1579 1968 domina
1588 1916 1821 1969 consummatus.

120 2001 223 2051 serunt
238 1997 365 2053 ministri
381 1997 525 2070 liquorem
542 2004 602 2057 tota
622 2002 719 2058 dicad
736 2021 853 2061 omnem
864 2009 944 2063 sulti·
1034 2006 1101 2060 Car.
1118 2004 1176 2060 XV.
1193 2036 1227 2044 —
1247 2005 1316 2058 Erat
1337 2019 1464 2074 nonique
1486 2007 1606 2057 sanctus
1634 2000 1823 2057 adelwoldus

121 2085 256 2139 cientiam
274 2087 493 2143 convivantibus
507 2107 513 2156 ;
539 2091 587 2145 sed
615 2091 745 2162 nequivit
769 2092 831 2165 ipse
845 2093 944 2166 liquor
998 2094 1187 2150 ecclesiarum
1200 2110 1233 2148 ac
1244 2094 1425 2147 diversorum
1437 2108 1557 2164 operum
1571 2090 1824 2162 magnnsreditica·

120 2174 267 2229 exhauriri
283 2176 469 2241 derase‚nisi
482 2179 518 2234 ad
529 2195 698 2236 mensuram
710 2182 943 2254 palmi‚inebrie-
998 2190 1053 2250 tor,
1069 2189 1097 2237 ot
1112 2184 1183 2237 dnm
1199 2188 1275 2237 esset
1304 2182 1405 2249 abhas,
1428 2187 1456 2234 et
1475 2182 1545 2235 dnm
1561 2186 1638 2237 esset
1653 2180 1819 2252 opiscopus.

122 2269 178 2319 tate
193 2265 302 2319 suatIm
318 2265 572 2337 Nordanhimbris,
590 2273 618 2322 et
628 2270 740 2341 vesperi
760 2288 828 2327 cum
841 2273 943 2330 latitia
1000 2271 1079 2327 liade
1096 2272 1218 2327 tetendit
1232 2272 1256 2325 ci
1272 2271 1438 2326 connnunis
1449 2271 1633 2326 adversarius
1649 2268 1750 2325 solitas
1761 2287 1821 2325 suae

123 2352 333 2419 recedentibus,
999 2361 1191 2431 malignitatis
1206 2360 1338 2424 insidias,
1357 2367 1388 2414 ut
1403 2377 1481 2428 enni,
1498 2361 1522 2416 si
1541 2359 1699 2414 ullomodo
1715 2365 1821 2431 posset,

156 2442 224 2496 Car.
237 2441 309 2496 XIII.
322 2474 355 2481 -
365 2443 428 2497 Non
443 2448 541 2500 tamea
553 2447 640 2519 erepit
651 2447 841 2504 Adelwoldus
852 2451 943 2508 abbas
998 2449 1204 2521 exstingueret.
1217 2450 1289 2503 Nam
1303 2450 1429 2520 quadam
1442 2450 1497 2513 dte,
1511 2449 1581 2503 dum
1594 2449 1637 2502 vir
1648 2449 1697 2503 Ilei
1709 2447 1738 2503 in
1750 2454 1825 2504 stru·

121 2531 306 2603 designatum
323 2531 380 2585 sibi
403 2549 476 2604 opus
496 2534 640 2591 adificare
654 2535 684 2590 in
706 2536 812 2593 diebus
826 2539 942 2595 AEdredi
999 2543 1081 2592 ctera
1097 2538 1250 2600 laboraret,
1268 2539 1371 2609 ingens
1383 2538 1475 2608 postis
1491 2556 1579 2610 snper
1589 2554 1655 2591 enm
1668 2536 1781 2602 cecidit,
1793 2541 1822 2593 ct

122 2621 208 2691 regis,
225 2621 295 2691 quia
312 2638 360 2675 rex
374 2622 450 2676 idem
466 2622 597 2678 celeriter
611 2641 645 2679 cx
660 2624 714 2680 hac
729 2625 788 2680 sita
807 2628 944 2699 mIgravit
1000 2629 1028 2682 in
1048 2629 1205 2698 rprnrndnm
1241 2630 1351 2683 tbroam
1379 2627 1493 2697 dejrreit,
1525 2627 1724 2698 eonlregitque
1749 2642 1821 2698 pene

122 2710 167 2764 die
183 2726 211 2763 rx
227 2709 289 2763 h'at.
306 2709 483 2766 Decembris.
506 2712 561 2767 Sed
578 2719 718 2784 regnante
733 2715 860 2787 glorioso
876 2735 943 2790 rege
999 2734 1101 2772 onrrres
1117 2723 1213 2771 costas
1229 2718 1293 2785 <ejus
1308 2733 1342 2771 ex
1358 2733 1415 2771 nno
1431 2714 1528 2782 tatere,
1547 2715 1586 2767 ita
1612 2720 1645 2768 ut
1669 2714 1725 2768 nisi
1742 2716 1821 2768 tbvea

122 2798 263 2870 Eadgarc,
281 2797 387 2870 insigni
410 2805 438 2854 et
462 2800 700 2870 clementissimo,
717 2809 894 2876 prepotente
910 2823 943 2862 ae
998 2805 1081 2860 illum
1098 2805 1270 2876 susciperet,
1287 2810 1365 2860 totus
1381 2809 1580 2877 quassaretur.

121 2886 313 2942 invictissimo
326 2887 402 2959 regis
416 2888 580 2946 Eadmundi
596 2891 666 2959 otio,
683 2891 854 2948 honorabile
868 2900 942 2950 tem·
1034 2896 1102 2950 Car.
1119 2893 1189 2949 XVI.
1203 2925 1235 2934 —
1247 2893 1399 2949 Convatuit
1414 2899 1511 2948 tamen
1528 2892 1571 2946 sir
1584 2895 1703 2948 sanctus
1719 2891 1755 2947 de
1766 2890 1820 2946 boe

121 2975 203 3046 ptum
221 2975 495 3032 inhonoresanctm
511 2979 562 3034 Ilei
589 2980 739 3053 genitricis
769 2998 942 3054 semperque
999 2979 1820 3054 nrolestia.Ileiornnipotentisadjumntegratia,etole-

120 3064 243 3136 virginis
256 3064 388 3120 bledein
400 3067 500 3122 eedem
512 3070 675 3124 construxit
685 3070 757 3137 Ioco,
770 3074 942 3126 eteonsum·
998 3072 1040 3143 git
1055 3090 1121 3127 cum
1138 3073 1289 3143 liudgerus
1312 3069 1501 3125 felicissimus
1515 3069 1673 3140 auglorum
1691 3069 1820 3124 basileus

121 3153 220 3219 mavit,
232 3155 310 3224 quod
326 3170 420 3225 usque
436 3155 465 3239 in
480 3156 559 3212 hunc
568 3156 644 3212 diem
659 3158 723 3214 visu
736 3157 842 3215 melius
853 3177 942 3231 quam
960 3143 982 3208 C
997 3162 1032 3215 ad
1050 3162 1250 3233 episcopatum
1266 3158 1479 3214 Wintomensis
1494 3158 1638 3225 Ecclesiae,
1664 3163 1820 3229 antequam

120 3258 255 3297 sermone
270 3243 441 3299 ostenditur.
998 3250 1246 3322 ecclesisprretati
1263 3248 1385 3305 caerrobii
1416 3248 1609 3302 dedicaretur.
1640 3247 1673 3301 Et
1698 3247 1820 3317 Jubente

154 3331 223 3387 Cxe.
239 3331 310 3386 XIV.
336 3365 369 3372 ——
394 3333 475 3391 Circa
494 3334 555 3389 hac
571 3339 702 3406 tempora
717 3336 836 3409 eligitur
851 3339 942 3395 abbas

120 3422 290 3476 Dunstanus
306 3423 339 3476 ad
357 3422 556 3495 episcopatum
578 3423 782 3494 Wirgonensis
806 3426 941 3482 Ecclesia

114 3510 200 3580 juxta
212 3510 392 3582 prophetiam
405 3511 497 3568 saneti
508 3511 597 3584 alfegi
609 3512 748 3586 episcopi,
765 3515 841 3569 sicut
852 3532 942 3587 supra

118 3599 321 3670 tetigimusbt
334 3605 399 3671 post
413 3599 524 3671 aliquot
539 3602 835 3659 annerumonrricula
845 3604 941 3660 tactus

119 3686 365 3759 archiepiscopus,
375 3688 485 3744 mansit
496 3689 525 3744 iu
537 3689 638 3745 (tantia
653 3691 774 3763 triginta
790 3696 818 3746 et
828 3698 939 3764 septem

118 3777 214 3844 annis,
226 3777 311 3847 quasi
322 3777 458 3832 columna
468 3778 637 3847 immobilis,
648 3779 781 3835 doctriua
791 3784 819 3835 et
829 3781 941 3837 actione

117 3866 293 3938 precipuus,
308 3865 437 3939 angelico
456 3867 539 3923 vultu
554 3869 688 3936 decorus,
705 3868 897 3942 eleemosynis
913 3875 942 3925 et

118 3954 271 4027 prophetia
285 3955 475 4027 prepollens:
497 3957 534 4011 ad
558 3959 644 4027 cujus
663 3958 797 4014 tumbam
812 3959 941 4014 caelestia

117 4061 193 4115 sape
210 4043 271 4097 fieri
287 4043 429 4098 miracula
444 4044 621 4101 audivimus.
637 4046 826 4103 adelwoldus
842 4052 939 4103 autem

999 3356 1076 3412 rege,
1093 3338 1272 3393 eoriseeravit
1287 3337 1367 3391 ittam
1388 3337 1559 3392 Dunstanus
1584 3335 1822 3407 archiepiscopus

997 3428 1228 3484 Dorcbernensis
1243 3426 1385 3489 Ecclesia,
1404 3443 1479 3481 arrno
1507 3425 1663 3480 Ilominieae
1686 3425 1822 3480 incarna-

998 3518 1087 3572 tionis
1102 3516 1323 3588 nongeutesime
1340 3515 1521 3587 sexagesimo
1534 3515 1627 3581 tertie,
1640 3515 1695 3567 sub
1707 3513 1753 3568 dic
1763 3518 1820 3568 ter·

998 3602 1820 3674 tioKalendarunrllccembrium,invigiliaJsanctidndreae

997 3693 1131 3766 apostoli,
1149 3712 1213 3765 <pum
1228 3699 1297 3748 tnnc
1321 3693 1484 3746 habebatur
1507 3693 1534 3745 in
1556 3689 1708 3746 Ilominiea
1727 3692 1822 3762 prima

996 3785 1145 3837 Adventus
1156 3781 1270 3837 Domini
1286 3787 1314 3835 et
1329 3781 1487 3835 salvatoris
1509 3780 1600 3835 nostri
1615 3780 1685 3834 lesu
1701 3779 1819 3833 Christi.

996 3873 1086 3926 Erant
1101 3876 1198 3926 antem
1216 3877 1285 3925 tnnc
1301 3871 1330 3924 in
1345 3868 1433 3924 reteri
1450 3868 1636 3933 monestede,
1658 3868 1708 3922 ubi
1721 3866 1817 3921 cathe-

996 3962 1049 4014 dra
1066 3958 1242 4032 pontitieatis
1252 3958 1386 4025 hatretur,
1399 3956 1530 4012 canonici
1542 3956 1659 4011 nefandi
1676 3955 1816 4011 scelerum

997 4049 1130 4103 maribus
1161 4047 1311 4119 implicati,
1339 4046 1462 4101 elatione
1494 4051 1523 4101 et
1551 4045 1706 4100 insolentia
1731 4051 1818 4118 atque
1896 4103 1899 4109 ,

118 4131 198 4186 misit
212 4132 353 4187 Oscarum
369 4134 547 4189 monachum
564 4140 736 4190 transmare
748 4136 784 4190 ad
796 4142 941 4193 monaste·
996 4137 1112 4192 luxuria
1122 4137 1269 4209 preventi
1282 4137 1354 4191 adeo
1371 4140 1403 4190 nt
1416 4134 1549 4189 nonnulli
1564 4151 1665 4190 eorum
1680 4135 1819 4207 dedigna-

118 4222 194 4275 rium
211 4222 303 4276 sancti
320 4221 413 4277 Patris
429 4223 576 4278 Benedicti
598 4223 790 4292 Floriacense,
808 4230 841 4280 ut
855 4242 939 4298 regu·
997 4232 1097 4284 rentur
1113 4227 1220 4281 missas
1245 4243 1298 4280 suo
1322 4224 1422 4279 ordine
1451 4223 1606 4289 celebrare,
1632 4224 1820 4296 repudiantes

118 4309 188 4363 laris
209 4310 398 4365 observantie
427 4327 522 4367 nanas
551 4311 610 4367 illic
639 4314 773 4381 disceret,
798 4332 831 4370 ac
861 4316 938 4370 domi
998 4333 1101 4372 uxores
1116 4332 1190 4386 quas
1206 4315 1305 4369 illie-ite
1321 4315 1474 4378 duxerant,
1494 4317 1521 4366 et
1546 4311 1618 4367 alias
1634 4311 1818 4384 accipientes,

118 4399 257 4454 tratribus
268 4400 398 4454 docendo
409 4401 575 4456 ostenderet
585 4404 939 4475 quatenustsenormam
996 4406 1070 4478 gelre
1088 4411 1116 4460 et
1134 4405 1265 4458 ebrietati
1271 4404 1382 4474 jugiter
1392 4401 1493 4456 dediti.
1504 4401 1584 4466 Quod
1596 4399 1819 4455 minimetcrens

118 4487 579 4561 monasticrereligiouissecutus,
591 4495 620 4545 ct
631 4507 689 4545 una
700 4508 767 4546 curn
779 4492 835 4547 sibi
847 4493 942 4564 subje·
956 4508 981 4573 Ι)
997 4499 1116 4550 sanctus
1130 4494 1174 4549 vir
1189 4493 1386 4559 ddeluoldus,
1402 4492 1471 4545 data
1489 4489 1638 4545 licentiae
1657 4504 1722 4559 rege
1746 4490 1819 4544 Ead-

117 4577 940 4652 etisderiaqnnqnedeclinans,gregemsibicenmnssum

118 4666 152 4719 ad
170 4666 345 4736 promissam
360 4666 485 4722 caelestis
502 4668 582 4740 regni
609 4668 733 4740 patriam
759 4671 940 4741 perduceret.

118 4755 149 4809 In
166 4771 226 4826 qua
241 4755 463 4827 congregatione
477 4762 539 4811 erat
553 4756 675 4828 quidam
689 4757 778 4814 trater
792 4758 941 4815 Etlstanus

120 4837 247 4911 nornin'e,
265 4843 389 4914 simplex
412 4850 440 4898 et
465 4861 578 4916 magna.
599 4845 769 4901 obedientiae
782 4848 835 4917 vir,
853 4865 940 4920 quem

118 4932 210 4986 atthas
217 4932 307 5002 jussit
319 4933 474 5004 previdere
485 4933 595 4989 cibaria
608 4935 753 4991 artificum
760 4938 940 5006 monasterii,

119 5021 165 5075 cui
178 5020 294 5075 servitio
306 5022 367 5092 ipse
377 5021 563 5077 devotissime
575 5025 942 5094 sesuhdens,cordtcarnes

119 5110 261 5180 quotidie,
278 5115 306 5163 et
330 5111 471 5183 operariis
496 5111 616 5167 sedulas
632 5114 828 5183 ministrabat,
845 5116 941 5171 focum

120 5198 445 5272 accendens,etnquam
455 5205 624 5273 apportans,
632 5204 944 5276 etrasadenuosponte

120 5287 297 5354 enmndnns,
309 5289 493 5344 existimante
502 5290 667 5345 abbateboe
680 5290 944 5349 illumcumsolatio

158 5414 214 5483 ite)
243 5413 350 5468 Eadem
378 5413 498 5468 totidem
525 5416 641 5482 verbis,
670 5433 721 5470 nec
746 5417 831 5488 plura
860 5420 946 5474 retent

121 5476 290 5538 Wittetmns
306 5483 576 5542 ltalmesburiensis
592 5489 620 5543 in
637 5488 686 5544 tib.
714 5504 733 5541 n
763 5488 798 5543 de
825 5489 945 5544 Pantili-

121 5555 208 5609 cibus
222 5555 393 5629 Anglorum.
412 5574 475 5628 cap.
492 5558 517 5613 I.

997 4601 1076 4655 pirro,
1093 4582 1203 4654 expulit
1218 4582 1359 4636 citissime
1370 4579 1558 4633 detestandos
1570 4576 1819 4648 blasphematores

996 4673 1045 4727 Ilei
1063 4673 1099 4726 de
1124 4669 1310 4737 nronnsterim
1333 4674 1362 4722 et
1376 4669 1526 4723 adducens
1540 4665 1699 4721 monaches
1712 4665 1747 4719 de
1762 4665 1818 4719 db·

997 4761 1143 4816 bandonio
1158 4759 1262 4815 locarit
1277 4757 1345 4823 illic,
1358 4758 1466 4828 quibus
1481 4755 1543 4827 ipse
1558 4754 1649 4809 obbas
1662 4758 1690 4807 et
1705 4752 1818 4823 episeo-

998 4869 1052 4923 pus
1067 4851 1186 4905 exstitit.

1033 4939 1100 4993 Cae.
1112 4937 1185 4993 xvn
1191 4935 1453 4990 .-Acciditantem
1461 4932 1588 4988 Sabbata
1600 4931 1626 4984 in
1639 4931 1733 5002 capite
1744 4933 1819 4997 Qua·

997 5027 1169 5099 dragesime.
1181 5029 1202 5096 41
1211 5027 1245 5094 t),
1258 5025 1327 5078 dum
1340 5021 1475 5076 monachi
1486 5019 1635 5075 venientes
1650 5020 1685 5074 de
1700 5020 1819 5075 Abban-

998 5116 1201 5172 doniastnrent
1213 5114 1248 5167 nd
1258 5113 1424 5184 ingressum
1431 5108 1692 5176 ‹sacrosacrae-os
1698 5109 1819 5165 missam

1000 5204 1092 5261 tioire.
1110 5200 1352 5258 communionem
1367 5199 1498 5254 canendo
1515 5215 1521 5252 :
1547 5199 1650 5253 Seruite
1663 5199 1776 5252 Domino
1791 5200 1821 5253 in

999 5295 1105 5358 liniare,
1126 5300 1152 5346 et
1175 5290 1308 5345 instincte
1331 5290 1357 5343 ei
1385 5304 1444 5342 curn
1472 5295 1603 5352 ti·emore;
1632 5284 1823 5356 apprehendite

1037 5422 1043 5478 t
1051 5416 1282 5487 tt)Videseapnt
1294 5412 1527 5486 Quadragesimae
1537 5410 1624 5464 etiam
1637 5415 1705 5464 tunc
1716 5408 1821 5465 initum

1000 5487 1260 5559 atluadragesinra¹
1272 5485 1423 5541 Ilomiaiea
1435 5484 1538 5556 prima,
1552 5482 1580 5535 in
1597 5498 1654 5552 qna
1670 5480 1730 5535 haec
1746 5481 1822 5537 arnti-

1000 5559 1098 5633 phona
1113 5559 1148 5613 ad
1165 5558 1261 5613 misse
1276 5556 1512 5614 communionem
1527 5553 1642 5626 legitur.
