3900 6090
117 260 177 326 413
869 258 1073 322 EPISTULA.
1763 268 1823 328 tlt

116 397 149 455 in
163 397 304 459 aondviis
318 397 466 472 agentium
482 396 615 465 fecimus,
629 395 679 468 qui
695 398 764 452 dum
781 394 941 468 pulcherri·
956 395 985 462 Α
999 392 1086 450 licarc
1100 394 1201 451 voluit.
1216 395 1395 451 Veneremur
1410 412 1526 468 quoque
1542 394 1665 451 illumin
1681 395 1824 468 Deoejus·

118 504 202 546 mum
218 492 273 558 cst,
286 487 415 543 medium
431 504 548 543 carmen
566 486 692 542 recidere
703 485 907 556 nescientque
919 488 948 540 et
1000 500 1058 556 que
1082 484 1187 539 merila
1211 484 1336 540 summis
1366 484 1526 540 honoribus
1551 485 1732 554 attollamus,
1754 487 1824 542 certi

117 577 239 635 tedium
260 576 449 633 audientibus
469 575 599 643 tollatur,
615 592 793 647 rursumque
808 573 944 630 audiendi
1000 573 1077 644 quod
1095 574 1130 627 ad
1147 572 1197 628 Dei
1220 574 1343 644 gloriam
1368 573 1520 645 pertineat,
1538 574 1682 646 quidqsdd
1706 574 1737 630 in
1761 575 1825 645 cJus

119 665 275 724 oblectatio
290 667 384 737 major
399 665 459 721 cxci
461 670 549 720 t.etur
561 666 603 720 Ad
620 669 801 737 postremum
817 680 885 718 vera
902 662 945 717 di·
999 660 1185 718 veneratione
1195 667 1295 718 nostra
1306 660 1417 717 devotio
1433 661 1580 718 inlormat.
1591 663 1731 718 Amemus
1741 662 1825 719 illurn

120 755 204 813 cendi
220 756 372 828 preceptis
386 753 463 810 vel
455 773 484 810 ιιι
502 756 558 810 sine
575 755 664 824 hujus
679 752 819 809 orationis
846 767 946 824 parere
1001 767 1035 806 ex
1049 751 1187 806 omnibus
1207 750 1338 805 cordium
1363 756 1529 806 nostrorum
1554 751 1701 852 medullis,
1719 768 1752 807 ae
1776 768 1828 825 par

120 846 279 911 voluimus,
296 845 346 916 qui
372 850 499 900 commo
502 844 527 898 is
542 842 649 898 animis
675 844 841 898 auditorum
858 843 945 895 finem
1001 839 1084 895 illum
1101 840 1243 911 quidquid
1261 858 1277 894 a
1292 841 1350 895 Deo
1371 841 1389 895 l
1391 840 1494 896 dehler
1517 810 1697 912 petierimus,
1710 859 1763 898 nos
1779 859 1827 898 re·

122 939 235 1009 ponunt
256 934 360 989 ellicus
375 936 534 988 aratrum.
546 932 619 986 Nam
645 932 783 1003 lwfficrgma
800 934 832 985 ut
821 928 946 984 tTullus
1002 934 1137 1002 cepturos
1154 946 1325 1001 speremus
1338 931 1577 1001 proptereaquod
1593 930 1665 986 nihil
1677 932 1761 987 nobis
1776 932 1827 988 ller

122 1024 171 1090 ait,
190 1022 231 1078 nil
248 1022 335 1079 citius
349 1021 465 1078 arescit.
482 1021 563 1086 Quod
588 1021 613 1076 si
638 1035 701 1092 ego,
718 1020 794 1075 sicut
808 1035 879 1090 opor
880 1018 946 1085 tuit,
1002 1017 1136 1074 clement'
1117 1021 1158 1072 ιιιι
1173 1016 1482 1090 [ιοιιιιίιῖιιιιιιιιςιιιι
1459 1034 1484 1072 si
1496 1034 1583 1089 quem
1599 1016 1647 1074 ille
1657 1017 1753 1090 diligi
1756 1037 1828 1087 ,nos

123 1113 252 1168 cilicium
277 1112 385 1184 peregi,
406 1114 503 1183 grates
530 1110 649 1165 obsecro
673 1108 865 1181 omnipotenti
889 1108 947 1163 Deo
1003 1107 1206 1164 studuerimus
1230 1110 1259 1162 et
1283 1106 1380 1161 animo
1398 1103 1568 1177 diligcrc,ct
1590 1106 1729 1179 obsequio
1743 1123 1827 1163 vene-

123 1217 240 1258 mecum
269 1199 416 1268 exsolvite,
434 1200 519 1270 cujus
543 1202 577 1253 ut
600 1199 698 1271 peragi
723 1199 824 1269 posset
848 1200 947 1253 actum
1002 1195 1071 1252 rari.
1096 1194 1225 1253 Gloriam
1250 1195 1443 1269 omnipotenti
1473 1195 1531 1251 Dec
1556 1195 1643 1263 Patri,
1669 1196 1719 1269 qui
1744 1196 1827 1252 illum

124 1294 167 1347 est
181 1290 379 1356 miseratione,
396 1288 442 1343 sin
457 1304 524 1343 vero
539 1287 638 1342 minus
661 1284 793 1359 apposite
808 1285 877 1353 dixi,
890 1303 948 1341 non
1002 1285 1085 1352 lecit;
1101 1279 1194 1356 gioria
1210 1283 1360 1356 unigenite
1377 1284 1425 1340 Dei
1439 1284 1510 1339 Filio
1521 1284 1571 1356 qui
1587 1284 1671 1340 illum
1688 1286 1827 1356 redemit,

123 1379 187 1435 ideo
203 1378 302 1433 minus
317 1377 342 1433 is
358 1378 393 1432 dc
416 1392 474 1448 que
491 1376 549 1431 dixi
566 1377 653 1432 debet
677 1375 845 1448 appretiari,
863 1391 948 1447 prop·
1002 1373 1097 1447 gloria
1111 1373 1231 1446 Spiritui
1248 1377 1349 1428 sancto
1367 1373 1417 1444 qui
1433 1372 1516 1427 illum
1533 1390 1588 1428 sua
1607 1374 1702 1445 gratia
1718 1373 1828 1430 illumi-

124 1473 203 1525 tcres
231 1467 308 1539 quod
342 1463 415 1521 nihil
444 1468 488 1521 est
517 1463 682 1537 indignius,
714 1481 803 1537 qnam
832 1470 950 1536 propter
1003 1461 1509 1531 navit;unisolivivcetveroDeo
1530 1461 1594 1518 laus
1617 1467 1646 1518 et
1666 1464 1827 1536 gratiarum

123 1557 227 1612 vitium
243 1554 398 1611 scribentis
421 1552 559 1609 virtutem
579 1553 712 1608 minuere
733 1552 806 1608 benc
831 1567 949 1625 prome·
1003 1551 1078 1610 actio
1093 1567 1146 1625 per
1160 1551 1276 1609 infinita
1290 1549 1396 1607 secula
1411 1550 1594 1621 seculorum,
1611 1569 1707 1611 amen.

124 1646 225 1703 rantis.
243 1642 342 1700 Potius
356 1643 386 1698 in
403 1641 452 1699 illc
472 1643 564 1698 Deum
580 1641 813 1714 magnificemus,
833 1658 950 1698 nomen·

125 1751 179 1809 que
194 1732 275 1790 illius
295 1733 428 1789 certatim
450 1731 574 1788 invicem
599 1729 772 1799 exaltemus,
788 1731 948 1804 agentcsei
1039 1733 1132 1797 Quem
1147 1745 1241 1802 genus
1257 1728 1390 1802 insignit,
1402 1729 1496 1787 virtus
1511 1731 1641 1788 attollere
1655 1735 1758 1800 certat,

125 1823 243 1899 gratias,
259 1822 310 1895 qui
326 1820 410 1877 illum
435 1824 502 1876 aute
525 1820 628 1875 mundi
656 1819 894 1876 constitutionem
919 1819 955 1890 in⁴
1074 1819 1148 1875 Huic
1163 1818 1233 1874 dare
1248 1821 1349 1874 nostra
1361 1819 1465 1875 cohors
1482 1836 1605 1877 munera
1618 1821 1715 1878 laudis
1730 1821 1829 1879 habet.

125 1919 230 1970 atem
244 1928 299 1966 sua
319 1909 466 1983 sapientia
484 1908 581 1982 elegit,
599 1913 628 1964 et
641 1908 802 1982 Anglcrum
818 1912 950 1981 tempora
1039 1909 1210 1964 Dunstanus
1227 1908 1310 1962 Pater
1325 1906 1450 1963 eximius
1463 1908 1646 1965 venerandus
1662 1908 1786 1967 in-orbe.

125 2016 176 2075 pse
187 1998 386 2058 ostensionem
408 1998 570 2071 corporalis
587 1997 747 2070 presentie
763 1997 842 2055 illius
857 1996 948 2054 beati-
1076 1995 1144 2052 Post
1158 1994 1295 2064 hiemem,
1311 1993 1387 2052 veris
1401 1998 1534 2070 tempora
1547 1996 1613 2053 lala
1628 1996 1717 2054 subit.

701 2332 762 2435 8·
811 2328 1253 2437 WNS'MNI

840 2535 1111 2631 EPISTULA

532 2718 578 2773 hl)
598 2718 820 2776 WULFSINUM
841 2714 1194 2776 SGlllllliBlJllNllNSiihl
1215 2714 1416 2772 EPISCOPUll

659 2872 791 2942 (uuum,
807 2872 871 2929 Aca
889 2870 949 2938 SS.²
965 2867 1069 2927 Sauuli
1083 2869 1117 2936 V,
1135 2885 1200 2942 pag.
1216 2868 1291 2941 239.)

160 3152 194 3208 D.
210 3152 261 3209 liei
276 3151 391 3227 [gratia]
402 3152 639 3226 archiepiscopus
650 3155 727 3211 ddeli
743 3155 837 3212 amico
848 3154 987 3221 wass-G
1005 3151 1160 3210 habitator.
1173 3151 1273 3208 Mitem
1289 3157 1317 3208 te
1333 3155 1361 3208 ct
1374 3151 1517 3210 humilem
1534 3155 1570 3211 ad
1586 3153 1721 3214 meliores
1736 3159 1832 3214 osteu-

124 3257 191 3299 suro
203 3242 340 3315 apsecpo
351 3245 463 3299 ntem
478 3243 630 3316 sospitatis
642 3248 672 3300 et
686 3244 767 3317 pacis
782 3245 812 3300 iu
827 3244 950 3302 Domino
1005 3241 1052 3309 de,
1064 3242 1171 3297 durum
1187 3244 1216 3297 et
1231 3242 1359 3318 rigidum
1371 3242 1407 3299 ad
1419 3243 1573 3317 superbos,
1584 3243 1684 3302 omnia
1694 3246 1832 3305 omnihus

124 3329 177 3387 lter
190 3329 327 3387 salutm.
1005 3329 1110 3398 factus,
1123 3334 1154 3385 ut
1164 3346 1267 3387 cmncs
1278 3330 1385 3387 lucrari
1399 3331 1509 3406 possis;
1526 3332 1635 3392 habeas
1649 3334 1679 3391 in
1695 3335 1832 3394 manibus

158 3418 277 3476 (trabas
291 3435 414 3494 agnuam
425 3420 495 3490 Dec,
507 3420 557 3493 qui
573 3438 627 3478 nos
641 3421 779 3496 indignos
789 3427 818 3481 et
831 3423 951 3481 ultimus
1005 3418 1066 3475 tuis
1080 3419 1136 3475 mel
1152 3424 1181 3475 et
1197 3419 1391 3490 absinthium,
1407 3420 1549 3496 quidquid
1569 3422 1616 3479 cui
1639 3421 1752 3498 placeat
1766 3426 1833 3483 edat

123 3517 276 3565 uvarum
299 3525 421 3565 suorum
444 3509 652 3581 preordinavit
675 3511 711 3566 ud
736 3511 865 3585 regimen
890 3531 950 3569 sues
1005 3522 1040 3563 ex
1054 3507 1191 3564 illis:cui
1208 3509 1243 3564 de
1259 3508 1308 3581 pia
1326 3509 1532 3582 predicatione
1550 3512 1628 3568 vesci
1643 3513 1742 3582 libeat,
1754 3514 1833 3573 acci·

124 3603 232 3656 mete
245 3594 381 3652 Ecclesia
395 3596 426 3651 in
440 3599 501 3651 tam
523 3595 696 3668 periculosis
711 3602 740 3653 et
754 3597 950 3655 laboriosissi·
1005 3596 1067 3669 plat
1081 3597 1156 3665 mel;
1177 3598 1228 3668 qui
1255 3597 1329 3655 dura
1352 3599 1514 3656 invectione
1536 3599 1677 3674 indigeat,
1694 3601 1776 3662 bibat
1798 3621 1833 3661 ex

125 3684 181 3741 mis
193 3684 388 3759 temporibus.
400 3685 436 3741 iit
450 3702 529 3741 nunc
543 3684 574 3740 iu
589 3701 747 3741 commune
761 3687 952 3759 deprecemur
1006 3685 1164 3753 absinthio,
1176 3685 1218 3740 ita
1232 3691 1330 3743 tamen
1342 3691 1375 3743 ut
1388 3687 1474 3744 liceat
1489 3687 1514 3744 ei
1531 3688 1588 3745 mel
1604 3691 1693 3747 venia
1704 3707 1831 3765 sperare,

125 3772 334 3846 manipotcatis
347 3774 398 3830 Dei
409 3773 597 3830 clementiam
612 3778 644 3830 ut
657 3773 706 3830 ille
722 3791 776 3831 nos
790 3775 908 3847 adjuvet
920 3776 951 3832 iu
1005 3773 1032 3830 si
1056 3790 1139 3830 rosea
1163 3774 1307 3831 confessio
1333 3777 1509 3848 punitentia
1534 3779 1677 3850 pracedat
1701 3796 1707 3836 :
1733 3781 1834 3837 emnia

125 3863 205 3927 mni
218 3879 306 3935 opere
320 3863 407 3919 bono.
424 3865 461 3920 ut
474 3868 517 3932 tu,
529 3863 702 3921 charissime
720 3865 820 3936 irater,
831 3864 952 3923 viriliter
1003 3867 1101 3919 vestra
1115 3863 1240 3919 honesta
1254 3880 1322 3919 cum
1337 3864 1438 3921 ordine
1453 3867 1534 3923 dant.
1544 3868 1673 3941 'Tempus
1687 3871 1834 3927 statuatur

126 3951 180 4022 lan,
194 3955 226 4009 et
246 3952 358 4009 fortitu
372 3969 446 4025 opus
471 3953 587 4009 Domini
602 3955 680 4026 quod
705 3954 795 4011 habes
811 3955 842 4010 in
856 3955 950 4011 mani·
1005 3950 1134 4021 lectioni,
1144 3958 1172 4008 et
1186 3953 1278 4010 oratic
1294 3970 1364 4010 suas
1387 3954 1494 4012 hebeat
1512 3955 1649 4025 hornast
1673 3957 1833 4015 missarum

126 4040 364 4115 haperssceat
379 4043 542 4100 mercedem
559 4043 664 4099 anima
688 4047 793 4100 nostre
808 4047 838 4100 et
853 4044 889 4101 ad
904 4062 951 4101 sa·
1006 4042 1149 4098 solemnia
1177 4043 1294 4115 proprio
1322 4046 1453 4116 tempore
1477 4044 1659 4102 conveniant
1676 4045 1731 4114 Qui
1754 4046 1833 4105 diem

126 4128 216 4188 luten
230 4129 392 4187 multarum
407 4131 584 4188 animarum.
597 4131 660 4188 Non
676 4136 770 4189 cesset
784 4132 886 4206 lingua
901 4137 952 4191 tua
1006 4132 1091 4204 sapit.
1108 4131 1232 4188 Domino
1248 4131 1352 4205 sapiat,
1366 4132 1410 4190 Sil
1434 4134 1566 4191 modesta
1587 4133 1617 4191 in
1641 4135 1769 4194 convivis
1784 4137 1833 4195 le·

125 4216 156 4275 in
166 4218 363 4292 meando,
379 4236 436 4276 non
451 4236 504 4299 pas
523 4224 594 4277 tuos
609 4222 819 4278 circumeundo
833 4238 951 4297 gregem
1004 4220 1079 4288 titia,
1092 4221 1131 4277 sit
1148 4221 1273 4276 castula
1289 4221 1412 4294 jeJ'uniis
1427 4222 1573 4296 perceptio
1584 4240 1592 4279 ι
1604 4222 1717 4282 lavetur
1740 4227 1832 4300 poeni·

125 4307 402 4378 libicommissum
418 4326 477 4366 nan
491 4325 599 4367 manus
620 4314 673 4367 tua
696 4327 713 4366 a
736 4310 906 4383 laborando,
918 4317 952 4369 ut
1005 4310 1097 4367 tentia
1116 4309 1214 4378 iacies,
1235 4314 1364 4383 ungatur
1378 4311 1441 4368 cleo
1465 4311 1671 4370 misericordie
1686 4318 1784 4388 caput,
1801 4321 1834 4373 ut

124 4394 317 4469 ὼαιιοιιῐιιιι
328 4396 401 4454 itant
415 4402 514 4470 perte,
525 4404 559 4454 ut
568 4403 676 4455 sancte
691 4398 744 4455 Dei
759 4400 868 4472 ubique
877 4401 951 4458 exal-
975 4439 981 4448 -
1005 4397 1105 4455 omnia
1119 4397 1309 4470 acceptabilia
1324 4399 1397 4456 liant
1419 4400 1542 4457 Domino
1557 4400 1626 4470 Deo,
1638 4402 1689 4475 qui
1703 4406 1732 4460 te
1746 4402 1833 4479 elegit

123 4487 201 4543 aeus
224 4484 363 4542 Ecclesia.
379 4485 449 4543 Este
473 4487 567 4544 forma
590 4487 855 4560 salutisssamaium,
869 4490 900 4545 in
923 4494 951 4548 te
1005 4488 1060 4544 sibi
1085 4487 1277 4544 sacerdotem.
1294 4487 1404 4544 Ducem
1429 4489 1554 4546 admone
1568 4494 1598 4546 et
1611 4492 1714 4549 omues
1738 4509 1833 4551 sacu-

124 4571 344 4648 sbcxaurplum
359 4575 589 4633 conversationis
607 4577 810 4645 sanctissima,
825 4577 856 4633 in
871 4582 900 4635 tc
913 4580 952 4635 sit
1005 4576 1081 4633 lares
1100 4575 1259 4655 principes,
1276 4581 1309 4632 nt
1330 4576 1467 4649 pietatem
1493 4581 1522 4634 et
1546 4577 1778 4637 misericordiam
1801 4582 1832 4638 in

124 4661 264 4723 ouum
277 4664 463 4735 miserorum,
471 4665 502 4722 in
512 4670 542 4722 te
556 4667 729 4723 molestatio
737 4667 949 4739 dubitantium,
1000 4665 1122 4738 judiciis
1138 4669 1321 4733 conservent,
1343 4666 1519 4723 munditiam
1535 4667 1630 4725 cordis
1651 4671 1682 4725 ct
1702 4672 1832 4744 corporis

125 4748 196 4810 inb
210 4751 373 4826 disciplina
386 4753 485 4828 :rigon
501 4756 532 4813 in
546 4759 576 4812 te
589 4755 719 4813 veritatis
742 4757 860 4824 liducle,
875 4757 906 4814 in
922 4762 950 4816 te
1004 4771 1120 4828 semper
1134 4754 1268 4828 diligant,
1286 4755 1356 4827 quia
1380 4755 1450 4812 tecti
1473 4755 1575 4814 mundo
1597 4756 1686 4827 ente,
1702 4761 1834 4833 queniam

126 4839 212 4904 latius
226 4840 368 4899 bonitatis
383 4860 461 4917 spes
477 4845 540 4901 Non
555 4849 583 4901 le
597 4845 694 4902 saculi
711 4860 820 4919 pompa
833 4847 948 4921 exaltet,
1004 4846 1058 4916 ipsi
1081 4845 1167 4899 Βσιιιιι
1188 4843 1326 4899 eadelm.
1347 4843 1507 4901 llcclesium
1532 4845 1641 4904 Christi
1664 4844 1832 4918 defendant,

128 4944 181 4984 nen
204 4929 339 4987 ciborum
364 4930 450 4990 luxus
477 4937 603 5001 enervet,
626 4951 684 4991 uon
707 4936 949 4994 vestimentorum
1004 4937 1151 4990 uteorum
1168 4932 1285 5003 adjutor
1300 4948 1333 4989 ac
1348 4933 1484 4989 defensor
1498 4935 1550 4990 fiat
1570 4935 1714 4995 Dominus
1734 4939 1832 4996 liceis·

127 5017 465 5087 marchatum
485 5023 669 5079 adulantium
693 5024 795 5098 lingua
809 5026 945 5099 decipiat,
1004 5021 1182 5079 sia.Viduis
1212 5025 1241 5077 et
1267 5021 1389 5095 pupillis
1419 5022 1633 5094 misericordes,
1657 5029 1690 5082 ut
1712 5026 1832 5085 illorum

128 5121 181 5163 aaa
194 5108 415 5170 detrahentium
430 5111 591 5170 adversitas
605 5115 768 5182 conturbet,
781 5131 839 5170 non
854 5116 950 5172 tristia
1003 5112 1177 5169 misereatur
1200 5110 1294 5177 Deus3
1318 5113 1346 5165 et
1360 5110 1391 5166 in
1407 5127 1509 5168 omnes
1532 5112 1666 5171 homines
1692 5117 1779 5173 mites
1804 5120 1833 5173 et

127 5193 271 5271 iungant,
289 5214 346 5255 uon
360 5197 427 5255 leta
449 5201 569 5257 elevent.
582 5202 644 5259 Non
670 5202 711 5260 sis
736 5205 849 5260 arundo
864 5208 949 5261 vento
1003 5199 1134 5272 benigni,
1150 5199 1292 5271 populum
1307 5199 1359 5254 Dei
1375 5205 1586 5273 congregantes
1601 5208 1630 5260 et
1644 5220 1702 5259 non
1719 5203 1830 5278 dispar·

127 5284 245 5357 sunu,
259 5305 317 5344 non
341 5289 394 5344 llos
418 5307 495 5346 aurae
517 5293 701 5365 tempestatis
726 5292 873 5361 decidens,
890 5310 948 5349 nen
1002 5294 1114 5363 gentes,
1133 5303 1233 5358 pacem
1258 5287 1334 5343 inter
1350 5305 1380 5344 se
1399 5288 1551 5359 habentes,
1569 5292 1638 5364 quia
1662 5293 1734 5371 beuti
1753 5296 1830 5366 pact·

127 5376 220 5445 paries
234 5378 366 5448 ruinosa
383 5396 440 5435 ιιοιι
461 5381 567 5446 domus
592 5399 680 5453 super
698 5398 818 5438 arenam
842 5381 947 5454 positu,
1002 5382 1057 5452 fici,
1076 5377 1205 5449 pometum
1219 5377 1274 5445 (titt
1288 5377 1337 5431 Dei
1353 5378 1578 5435 t·ccalanlar.·Et
1597 5384 1639 5449 lu,
1656 5373 1831 5455 charissime

128 5464 172 5518 aad
188 5466 336 5539 templum
350 5472 413 5524 esto
436 5469 487 5525 Dei
501 5470 557 5524 vivi
583 5487 671 5543 super
694 5472 810 5528 firmam
835 5476 948 5544 petram
1002 5471 1102 5535 l'rater,
1119 5468 1185 5522 antu
1200 5464 1300 5520 oculos
1315 5467 1411 5524 cordis
1435 5485 1551 5541 semper
1574 5469 1678 5527 habeto
1693 5470 1829 5529 timorem

127 5561 334 5628 constructum,
345 5559 432 5629 cujus
447 5559 509 5631 ipse
532 5559 571 5616 sit
586 5559 712 5633 Spiritus
728 5561 886 5633 paraclitus
903 5562 953 5620 ιιι·Ἰ
1002 5559 1054 5619 Dei
1070 5561 1097 5614 ct
1117 5570 1256 5650 afflegem,
1274 5559 1302 5611 el
1327 5555 1401 5615 liber
1424 5557 1581 5616 Ptsltltallfl
1604 5558 1681 5618 beati
1697 5561 1829 5636 Gregorii

1834 5722 1898 5930 tl
