3900 6090
139 319 194 381 751
702 314 733 374 S.
757 309 893 373 MAIOLI
914 306 1082 373 risurus
1105 311 1278 374 diusmo.
1773 310 1839 371 752

138 454 237 505 tamen
253 447 395 519 speciano
410 446 513 501 mundi
529 444 643 500 lucrum
654 447 958 518 cogereturespotere,
974 441 1002 507 Α
1016 440 1167 512 intellexit,
1193 444 1374 502 bibliotheca
1401 447 1572 519 praeficiens,
1600 443 1840 519 apocrisiariatus

139 535 219 593 etad
236 534 338 591 mundi
354 533 478 606 gloriam
498 547 586 605 quam
615 537 712 589 mente
738 536 894 604 spreverat,
911 546 963 602 per
1016 530 1145 588 osticium
1168 532 1262 589 eidem
1289 533 1404 605 injuxit.
1430 535 1512 599 Otrod
1536 533 1734 591 ministerium
1758 536 1842 591 tanta

141 621 963 695 secularenegotiumdelectabilitertendere‚gravepoa·
1017 620 1190 677 auctoritate
1218 625 1357 695 tantaque
1381 621 1550 694 adimplevit
1574 620 1783 689 sollicitudine,
1809 625 1841 678 ut

139 714 196 769 dus
210 710 363 784 procellosi
378 707 963 783 culminispercustodiamretugithami-
1016 708 1153 764 omnibus
1167 725 1268 766 seeum
1288 709 1531 768 conservantibus
1553 710 1685 783 exemplo
1710 709 1800 767 luerit
1813 715 1842 767 et

140 800 243 867 litatis,
260 799 404 856 Creatoris
420 798 553 854 omnium
570 816 697 870 sequens
717 798 894 870 exemplum,
911 795 962 868 qui
1016 797 1254 872 terrori.Legerat
1269 799 1362 855 isdem
1378 799 1422 855 vir
1437 799 1552 874 Domini
1566 798 1659 856 libros
1682 797 1754 855 olim
1769 798 1841 856 anti·

139 905 207 945 cum
222 892 289 945 ante
300 887 546 960 sacularegnaret
554 888 583 942 in
593 887 673 944 omlis
683 903 804 961 regnam
815 886 962 959 percipere
1016 901 1142 956 quornm
1159 886 1410 959 philosophorum,
1426 887 1596 960 Virgiliique
1610 888 1841 960 mendaciaque

138 977 239 1032 vitavit
255 977 283 1030 in
300 976 387 1032 terris
403 991 410 1030 :
428 975 570 1048 scriptum
588 975 695 1048 quippe
711 982 755 1032 est
771 992 777 1028 :
799 977 875 1031 lesus
899 992 962 1030 cum
1017 974 1134 1029 nolebat
1146 992 1198 1030 nee
1210 976 1340 1048 ipseJam
1352 977 1463 1044 audire,
1482 993 1534 1032 nee
1545 975 1617 1032 alios
1629 975 1736 1050 legere.
1753 977 1839 1033 Susti-

139 1067 303 1137 eapeoeisset
326 1066 390 1136 quia
414 1067 522 1120 emetiri
542 1073 631 1120 asserit
652 1073 683 1120 ut
705 1073 831 1136 raperent
848 1080 921 1129 eum,
937 1072 963 1120 et
1021 1063 1112 1130 ciunt,
1129 1063 1276 1135 inquiens,
1292 1065 1383 1121 divini
1399 1072 1488 1138 poeta
1503 1066 1594 1132 vobis,
1612 1081 1665 1121 nec
1686 1067 1781 1138 egetis
1796 1065 1839 1122 lu-

125 1156 259 1225 paoereat
279 1153 333 1208 sibi
346 1169 443 1225 repere,
459 1153 581 1209 aseendit
594 1155 693 1208 iterum
708 1155 738 1208 ie
752 1160 869 1208 ausuum
887 1153 962 1208 salas
1015 1152 1134 1207 xuriosa
1147 1152 1261 1225 Virgilii
1275 1170 1326 1210 vos
1341 1153 1433 1225 pollui
1455 1154 1601 1210 iucundis.
1619 1152 1757 1226 Reguleri
1773 1154 1840 1227 qui·

140 1258 219 1300 orare
229 1244 317 1312 (ioan.
334 1258 372 1310 vr,
390 1242 445 1310 15).
461 1240 602 1307 Quocirca
611 1242 714 1298 beatus
726 1240 851 1296 Maiolns
861 1239 960 1296 aeterni
1015 1238 1082 1295 dem
1098 1245 1251 1298 contentus
1262 1242 1535 1311 conversatione,sic
1545 1242 1683 1298 studebat
1692 1241 1839 1314 parcimo-

140 1330 227 1404 Regis
237 1328 405 1402 magisterio
420 1329 551 1394 edoctus,
564 1329 613 1400 qui
628 1329 756 1386 oblatam
768 1328 891 1402 gloriam
903 1326 961 1386 cul·
1016 1327 1080 1395 aie,
1104 1333 1137 1386 ut
1161 1329 1277 1388 ditierro
1299 1331 1467 1388 nullatenus
1488 1331 1636 1387 videretur
1660 1348 1679 1386 a
1701 1331 1839 1392 societate

139 1417 228 1475 minis
244 1417 327 1492 fugit,
344 1421 373 1473 et
387 1420 490 1490 postes
508 1421 612 1489 sponte
635 1418 714 1473 venit
737 1416 773 1473 ad
795 1413 961 1489 patibulum
1016 1417 1182 1475 eommunis
1195 1418 1275 1486 ritem
1292 1435 1417 1493 quorum
1432 1419 1504 1475 vitia
1517 1420 1589 1475 dum
1604 1419 1839 1492 conspicaretur

139 1505 394 1578 crucis‚quatenus
409 1506 473 1579 ejus
483 1507 649 1563 membrum
658 1505 961 1578 fieret‚omnemspem
1016 1505 1233 1577 prehendenda,
1248 1506 1303 1564 hec
1317 1505 1463 1580 exquisita
1477 1508 1555 1580 quod
1578 1506 1738 1580 unicuique
1761 1525 1837 1566 cam·

139 1612 223 1653 suam
239 1593 268 1651 ln
285 1613 318 1652 eo
333 1594 562 1652 collocavitzboc
577 1593 691 1659 studuit
704 1610 791 1666 opere
801 1591 961 1665 adimplere
1015 1594 1131 1667 petebat
1144 1594 1213 1652 vitio
1229 1595 1348 1668 priusin
1358 1594 1836 1669 unoquoquolaudaadacanebat:

139 1684 216 1757 quod
232 1684 280 1740 ille
295 1684 432 1756 pracepit
446 1695 590 1741 sermone.
607 1683 665 1739 lloc
681 1681 758 1738 enim
782 1686 960 1755 preceptum
1015 1680 1120 1738 dehinc
1134 1682 1213 1740 velut
1226 1683 1347 1758 ignarus
1359 1684 1597 1756 reprehendenda
1611 1686 1838 1758 carpebat.Cua·

138 1773 225 1832 estin
243 1772 398 1846 Evangelio
415 1789 422 1826 :
439 1773 492 1840 Qui
505 1771 565 1828 uult
584 1780 646 1845 pest
667 1787 710 1828 aaa
731 1773 833 1838 aeeire,
849 1771 962 1843 abnegat
1015 1773 1078 1826 etos
1092 1775 1190 1829 tamen
1207 1772 1315 1846 sepius
1330 1772 1508 1829 admonebat
1516 1777 1550 1828 ut
1565 1771 1638 1829 talos
1651 1790 1684 1830 se
1695 1773 1754 1830 Deo
1762 1774 1838 1831 exhi·

138 1865 321 1935 semtipsum,
337 1869 363 1918 et
382 1861 459 1918 tollat
479 1877 585 1917 aucam
605 1878 694 1928 suam,
719 1868 745 1916 et
766 1868 896 1933 aequatur
917 1875 961 1915 me
1016 1857 1112 1914 berint
1126 1860 1364 1934 interiusquales
1378 1861 1508 1917 humana
1523 1859 1620 1933 opinio
1629 1878 1682 1933 pro
1691 1862 1837 1936 religionis

139 2055 207 2096 nam
224 2036 959 2109 mundilabilemcontempsitgloriametsupernae
1015 2035 1167 2107 debentur,
1196 2037 1246 2110 qui
1276 2055 1374 2095 amore
1402 2040 1466 2094 vita
1494 2045 1608 2095 eterne
1638 2037 1835 2099 voluntariam

137 2127 201 2184 vita
216 2125 550 2198 tactusdulcedine,quae
561 2143 578 2182 a
589 2125 691 2181 mundi
702 2124 882 2182 amatoribus
891 2140 959 2180 eon·
1014 2127 1166 2200 amplexus
1181 2129 1361 2202 pauperiem,
1379 2135 1475 2185 totum
1491 2127 1605 2185 Christo
1620 2127 1703 2184 dedit
1717 2130 1834 2203 quadiu

137 2216 441 2290 eupiseuntur,omnia
455 2233 473 2272 a
487 2232 518 2272 se
534 2214 667 2272 funditus
682 2213 853 2287 temperarit
868 2211 959 2270 absci-
1014 2231 1066 2272 ara
1079 2216 1177 2274 cordis
1191 2217 1312 2286 invenit,
1330 2216 1403 2273 nihil
1419 2216 1481 2274 suis
1498 2216 1611 2273 maritis
1626 2216 1783 2276 tribuensl

137 2305 311 2378 derelgitar
323 2304 488 2361 caenobium
504 2304 533 2360 in
550 2302 632 2361 collis
647 2303 721 2359 valle
736 2319 799 2376 que
819 2301 958 2358 cluniaca
1048 2302 1106 2360 XV.
1127 2306 1239 2363 lienam
1256 2308 1366 2363 musta.
1393 2306 1502 2362 Sectam
1526 2305 1583 2364 aleo
1606 2314 1701 2365 sancta
1725 2310 1836 2367 saaiuti

135 2393 303 2464 dicitur,oui
318 2392 361 2448 vir
375 2391 439 2448 vite
450 2391 814 2466 venerabilisllepmardus
824 2394 956 2463 preerat,
1012 2395 1140 2450 restituit.
1157 2426 1191 2435 -
1206 2396 1338 2462 Quodam
1353 2399 1484 2468 tempere
1500 2411 1552 2468 pro
1569 2396 1741 2453 monasterii
1757 2397 1834 2455 utili·

134 2499 186 2554 pro
202 2499 319 2540 morum
334 2481 486 2540 honestate
500 2487 529 2538 et
543 2482 684 2538 virtutum
703 2480 809 2538 studiis
825 2479 956 2554 appetiit,
1012 2485 1071 2539 tate
1086 2483 1206 2539 beatum
1223 2482 1361 2542 Maiolum
1371 2501 1438 2541 cum
1454 2483 1544 2541 altero
1560 2485 1649 2540 tratre
1662 2483 1788 2543 lloraam
1798 2486 1834 2545 di·

134 2571 233 2644 ibique
247 2571 411 2627 seeundum
427 2569 504 2626 beati
513 2570 659 2627 Benedicti
668 2569 800 2643 regulam
809 2569 956 2627 abeodem
1012 2569 1066 2644 rigi
1082 2571 1203 2645 contigit
1217 2573 1254 2630 ab
1269 2573 1384 2630 abbate.
1402 2574 1456 2640 Qui
1468 2571 1582 2646 expleta
1603 2571 1754 2646 legatione
1767 2575 1834 2633 dum

132 2659 264 2731 virojam
280 2659 398 2732 praelato
414 2659 641 2715 conversationis
656 2658 791 2714 habitum
804 2662 957 2731 petens‚ut
1011 2659 1150 2732 redirent,
1167 2665 1199 2718 ut
1213 2662 1386 2735 Yporediem
1403 2662 1509 2735 (i'urte)
1523 2663 1559 2719 ad
1576 2661 1742 2736 hospitium
1752 2679 1833 2721 rane

132 2747 331 2822 susciperetur
345 2747 467 2820 rogavit.
1010 2753 1089 2816 runt,
1106 2751 1194 2806 irater
1208 2749 1259 2823 qui
1274 2767 1343 2807 eum
1358 2751 1566 2818 comitabatur,
1583 2751 1705 2808 nomine
1723 2750 1832 2809 Heldrl·

166 2836 240 2894 liill.
256 2835 423 2894 Obedieutioe
437 2836 553 2893 deditus.
570 2869 603 2877 -
620 2837 730 2910 Spretis
746 2836 845 2910 itaque
859 2837 954 2892 omni·
1007 2854 1060 2895 cus
1076 2840 1127 2911 (2),
1141 2839 1268 2896 sobrium
1284 2843 1437 2913 correptus
1452 2839 1582 2912 langore,
1603 2837 1723 2913 fatigari
1751 2839 1833 2915 erepit

132 2928 189 2984 bus
203 2931 323 2983 terrena
339 2925 695 2999 possessionisstipandiis
710 2926 746 2983 ob
757 2942 840 2998 spem
850 2925 953 2981 lutura
1008 2925 1067 2980 aori
1078 2925 1401 2983 arderal'erumtamen
1421 2926 1593 3000 egritudine
1602 2926 1827 3000 ingravescente,

132 3014 378 3088 repromissionis,
413 3014 547 3070 habitum
581 3019 688 3070 sancte
724 3014 953 3079 conuersationis
1008 3030 1075 3069 eam
1090 3014 1223 3086 totalem
1238 3020 1386 3089 pateretur
1400 3016 1827 3090 corporadevitadesparstus,

132 3101 270 3175 sunrpsit,
285 3103 386 3176 sicque
400 3103 538 3174 deinceps
560 3102 654 3159 alieno
677 3103 748 3158 visit
771 3101 903 3174 imperio,
920 3106 954 3157 ut
1007 3103 1084 3158 circa
1098 3107 1222 3160 mortem
1237 3106 1392 3161 tenebatur
1410 3103 1564 3160 sollicitus.
1581 3104 1633 3160 Vir
1657 3109 1759 3163 autem
1782 3104 1829 3163 ilai

131 3189 161 3246 in
177 3189 421 3249 nullodeviareta
435 3196 543 3247 saneta
554 3189 950 3262 eoni'ersatienisproposito.
967 3171 988 3239 C
1007 3192 1058 3264 qui
1074 3189 1266 3248 nihilominus
1279 3209 1367 3265 quam
1384 3194 1434 3265 qui
1457 3192 1624 3265 patiebatur
1646 3193 1684 3249 de
1706 3193 1829 3252 fratem

131 3277 183 3334 Hie
197 3278 275 3334 enim
291 3279 391 3352 procul
408 3297 425 3335 a
440 3296 471 3335 se
487 3279 607 3335 remotis
621 3278 797 3334 hebetudine
815 3282 845 3335 et
870 3295 951 3334 mur·
1006 3279 1138 3335 cruciatu
1163 3280 1348 3347 tristabatur,
1375 3280 1519 3354 deplicato
1550 3286 1620 3336 tune
1648 3281 1829 3340 afficiebatur

130 3367 385 3440 marasiagalaris
402 3385 458 3439 pre
474 3367 584 3422 ceteris
599 3367 770 3423 obedientie
786 3366 952 3438 praeemine-
1007 3368 1183 3436 intortuni03
1200 3369 1270 3442 quia
1284 3369 1352 3426 binc
1375 3386 1443 3426 eum
1470 3369 1568 3425 fratris
1591 3371 1832 3427 moestificaverat

129 3457 179 3513 hat
191 3457 437 3530 uirtute,implcns
451 3456 524 3511 illud
541 3456 571 3510 in
584 3455 809 3528 l'ratribusquod
820 3456 951 3529 praecipit
1006 3458 1231 3530 agritudo,inde
1246 3463 1369 3530 paterna
1384 3476 1447 3532 que
1463 3458 1588 3531 inempta
1603 3459 1752 3532 pendebat
1759 3458 1829 3535 laga

129 3547 232 3603 beatus
248 3546 422 3603 Benedictus
437 3546 511 3618 (dep.
527 3545 555 3601 S.
571 3543 670 3601 bened.
688 3561 713 3600 c.
729 3546 790 3613 tlt:
808 3544 949 3601 Obedien·
1006 3546 1056 3601 tio.
1073 3545 1129 3603 Sed
1144 3547 1215 3619 quid
1240 3551 1338 3620 ageret
1353 3548 1479 3615 nescius,
1496 3547 1625 3603 diuinam
1641 3547 1825 3606 clementiam

128 3636 173 3691 tiae
190 3636 300 3692 bonurn
316 3653 374 3692 aon
390 3633 485 3690 solum
501 3634 600 3690 abbati
615 3633 811 3690 exhibendum
827 3639 881 3703 est,
898 3634 949 3692 scd
1005 3649 1122 3691 exorare
1137 3635 1224 3708 coepit
1239 3635 1500 3692 attentiua.Tribus
1515 3637 1635 3692 tandem
1650 3635 1825 3711 diebusper·
1848 3652 1852 3660 ·

127 3725 215 3781 etiam
231 3724 286 3782 sibi
304 3723 428 3780 invicem
443 3723 583 3779 obediant
599 3723 756 3780 iratresbe
772 3723 949 3780 abbatevero
1004 3724 1158 3796 setis,post
1171 3724 1443 3780 matutinaslaudes
1459 3740 1527 3780 eum
1537 3740 1567 3780 ss
1580 3725 1679 3797 sopori
1689 3725 1823 3793 dedisset,

127 3812 285 3886 apostolico
311 3813 512 3870 instruebatur
535 3811 678 3884 exemplo.
696 3811 817 3878 obedite,
841 3810 947 3884 inquit,
1004 3813 1123 3884 quidam
1140 3811 1184 3868 vir
1198 3812 1304 3869 canitia
1319 3812 1495 3869 reverendus
1508 3813 1534 3869 ei
1549 3812 1629 3869 visus
1645 3817 1693 3870 est
1707 3813 1822 3872 dicens:

123 3904 276 3976 prepositis
300 3903 395 3960 aratra
421 3900 509 3974 (debr.
535 3917 598 3970 xrn,
622 3901 677 3972 17).
695 3899 849 3957 Enimvero
871 3899 948 3956 beati
1003 3900 1077 3966 Quid
1093 3901 1197 3973 ignava
1212 3916 1335 3958 maerore
1350 3901 1547 3972 deprimeris?
1561 3901 1668 3974 quida
1690 3900 1823 3962 memoria

125 3990 273 4046 Benedicti
299 3992 385 4062 eujus
409 3989 580 4060 subjacebat
603 3986 793 4060 discipulatui
817 3988 949 4045 imitator
1002 3989 1109 4044 excidit
1124 3990 1202 4060 quod
1218 3990 1307 4046 trater
1322 3989 1544 4047 nrausdacobus
1560 3990 1823 4049 deinfirmonlibas

125 4078 262 4146 existens,
281 4079 385 4135 induta
398 4077 511 4150 parvuli
527 4077 798 4144 bumilitate‚siulta
819 4077 946 4150 pbiloso-
1003 4079 1156 4150 pracepit:
1176 4080 1308 4135 tristatur
1321 4080 1423 4151 aliquis
1438 4087 1566 4147 aaran,
1586 4089 1645 4137 oret
1665 4097 1745 4154 oequo
1766 4082 1821 4139 aui·

124 4164 249 4237 phorum
266 4165 397 4240 neglecto
408 4165 718 4238 dogmate‚sapientem
729 4166 779 4223 Dei
791 4166 946 4224 stultitiam
1001 4183 1054 4234 auo,
1070 4175 1096 4223 et
1109 4167 1219 4238 psallat.
1234 4169 1395 4239 iafiemttur
1410 4171 1471 4242 quia
1487 4171 1517 4225 in
1530 4168 1619 4237 araba,
1636 4169 1752 4228 inducat
1762 4186 1821 4244 pra·

123 4259 169 4311 est
182 4255 402 4327 adorsusp‘uxta
416 4255 493 4329 quod
506 4254 636 4328 precipit
649 4255 806 4327 Apostolus
823 4273 829 4313 :
846 4257 945 4330 Siquis
1000 4255 1119 4328 abpteros
1134 4257 1270 4325 Erebeis,
1285 4264 1311 4314 et
1324 4265 1402 4313 orent
1415 4273 1496 4330 super
1512 4274 1585 4326 eum,
1608 4267 1743 4331 uaqeatas
1765 4274 1820 4317 auu

123 4345 180 4400 uult
194 4347 266 4401 inter
281 4361 325 4402 aas
336 4347 445 4417 sapim
459 4360 516 4401 esse
531 4345 561 4399 ie
575 4343 624 4399 laec
645 4346 757 4412 secute,
773 4346 872 4401 stultus
886 4347 944 4418 fiat,
1000 4345 1057 4401 oleo
1072 4348 1102 4399 ia
1117 4346 1227 4401 tremine
1240 4347 1367 4412 Domini,
1382 4353 1409 4402 et
1420 4348 1507 4403 oratio
1520 4345 1585 4417 fidei
1605 4346 1727 4404 salvabit
1750 4348 1819 4420 iufir-

121 4440 152 4488 at
164 4435 203 4489 sit
215 4436 324 4505 sapiens
340 4433 364 4505 (l
374 4432 435 4489 Cor.
453 4434 555 4504 naid).
574 4432 655 4489 Unde
670 4434 721 4506 qai
738 4434 819 4505 prius
844 4434 946 4491 doctor
999 4452 1085 4500 mura,
1101 4442 1128 4492 rt
1139 4434 1267 4491 allevabit
1280 4451 1342 4491 eum
1356 4436 1486 4492 domiuus
1502 4436 1567 4504 (iac.
1585 4452 1611 4505 v,
1626 4434 1687 4507 tt),
1704 4437 1765 4494 liae
1784 4435 1818 4491 ri·

121 4523 392 4594 grammaticorum,
404 4521 568 4595 discipulus
582 4527 648 4595 pest
661 4523 748 4595 eoepit
762 4523 945 4596 esscsimpli·
959 4538 983 4604 p
1000 4523 1080 4579 sione
1100 4522 1320 4596 aliquantutum
1344 4523 1514 4579 sublevatus
1538 4526 1649 4594 animo,
1666 4527 1769 4582 statim
1791 4526 1818 4581 ul

120 4611 199 4666 ciam
215 4611 355 4668 virorum.
998 4611 1124 4669 surrexit
1138 4628 1153 4668 e
1169 4629 1283 4681 somno,
1300 4611 1386 4668 celeri
1403 4613 1516 4668 actione
1531 4612 1615 4669 duxit
1629 4613 1816 4680 adell'sctum,

155 4699 226 4755 XlV.
256 4701 485 4757 bibliothecarius
516 4708 542 4756 et
575 4701 786 4771 itpoeriaiarius.
820 4704 942 4758 tractores
998 4702 1075 4773 qued
1092 4701 1363 4776 apostolicaluerat
1378 4700 1552 4757 revelatione
1567 4702 1817 4775 compertumlles

24 4808 29 4817 ¹
116 4791 358 4861 profanesrejteit.
384 4789 484 4845 llonita
503 4789 549 4844 dat
573 4790 683 4860 optima.
701 4790 833 4846 -Haud
858 4807 963 4846 secus·
997 4789 1073 4844 mira
1087 4788 1315 4845 arctamenta
1335 4789 1498 4863 stupenda!
1516 4789 1618 4846 eadem
1644 4790 1754 4865 quippe
1777 4788 1817 4846 dia

118 4877 195 4934 enim
212 4896 244 4934 ac
257 4877 467 4950 philosopliiad
479 4877 942 4952 syllogismorumargumenteris
997 4877 1815 4950 quesanctificatianisoleoquipatiebatarestdelibutus‚

118 4984 148 5022 sc
164 4968 318 5023 conferunt
333 4965 662 5022 mentisinstantia21ta
678 4984 708 5023 se
724 4967 848 5024 contulit
858 4969 894 5023 ad
908 4985 943 5024 ea
997 4969 1037 5023 ita
1052 4967 1171 5023 sanitati
1187 4966 1316 5040 pristine
1333 4967 1487 5023 restitutus
1503 4966 1696 5033 conualuitmc
1714 4967 1741 5024 si
1755 4965 1817 5023 nul·

117 5054 242 5133 dicendo
257 5071 319 5127 quae
335 5054 539 5127 quotidianum
556 5071 705 5127 perosum
721 5055 751 5112 in
763 5057 941 5113 monasterio
996 5057 1055 5114 lam
1071 5056 1236 5113 molestiam
1252 5057 1380 5128 eorporis
1396 5055 1574 5128 pertulisset.
1590 5055 1688 5112 Altera
1702 5056 1751 5113 die
1764 5054 1816 5112 Da-

117 5149 187 5199 sunt
201 5143 352 5216 explenda.
371 5143 483 5209 Quibus
502 5143 640 5199 amitibus
665 5143 764 5200 solerti
789 5145 846 5201 sibi
870 5163 942 5202 eura
995 5146 1068 5202 mini
1082 5144 1262 5218 gratulantes
1277 5145 1392 5212 virtuto,
1404 5143 1500 5202 conati
1516 5148 1587 5201 sunt
1602 5144 1680 5201 ieter
1693 5150 1818 5219 carptum

116 5233 241 5305 cognitis
257 5239 284 5288 et
308 5232 505 5304 experimento
531 5233 689 5309 memorie
701 5234 879 5304 commissis,
895 5236 939 5292 si·
995 5234 1152 5308 perducere
1166 5233 1202 5289 ad
1218 5234 1374 5300 edoctum
1391 5233 1531 5304 quoniam
1547 5232 1668 5305 quidem
1679 5233 1758 5290 beati
1773 5234 1818 5290 Ja-
1862 5250 1873 5269 ·

116 5320 177 5376 deri
196 5323 261 5393 jam
285 5321 370 5394 coepit
394 5321 506 5379 doctior
530 5321 655 5377 cunctis.
674 5322 756 5377 lianc
781 5324 939 5396 argentin
994 5324 1136 5380 cobivoce
1152 5322 1249 5378 sanari
1267 5322 1430 5377 testabatur
1445 5322 1581 5403 infirmus
1596 5322 1664 5378 fidei
1676 5323 1815 5390 oratione,

116 5410 287 5467 monachico
304 5410 404 5467 ordine
419 5411 461 5468 ita
475 5413 649 5484 prudentem
662 5412 724 5484 jam
741 5413 836 5470 dictus
857 5413 941 5470 Pater
994 5412 1058 5470 ideo
1074 5411 1138 5469 luco
1153 5411 1260 5469 clarius
1273 5414 1352 5483 patet
1366 5411 1483 5466 beatum
1494 5409 1588 5465 virum
1602 5409 1657 5466 boc
1672 5408 1815 5468 suisobli·

151 5518 187 5587 (2)
205 5517 310 5573 Fuerat
325 5517 350 5572 is
366 5515 735 5590 spudOttonemilagnum
751 5519 938 5594 insuiapra·
994 5519 1155 5577 monachus
1185 5524 1248 5574 tum
1271 5517 1361 5574 abbas
1386 5516 1644 5587 autissidorensis,
1671 5535 1763 5595 supra
1787 5518 1817 5575 iu

115 5587 232 5670 eipuus,
247 5594 280 5643 ut
301 5587 409 5666 legitur
432 5589 509 5644 inire
534 5589 562 5643 in
580 5589 630 5644 lib.
648 5607 678 5658 11,
695 5606 758 5664 cap.
775 5595 819 5661 22,
838 5598 940 5666 postea
993 5592 1084 5668 elegio
1102 5608 1184 5648 num.
1200 5591 1225 5649 b.
