3900 6090
109 254 187 314 llSd
228 252 279 314 DE
299 251 944 316 PRIMORD.GOENOlt.GANDliltSll.llT
962 254 1010 313 DE
1027 256 1160 317 ausus
1177 259 1397 321 0T'l0N.l.-
1407 262 1693 332 separation.
1726 271 1810 333 tito

108 386 211 442 Poenas
221 387 357 460 sacrilegi
373 386 483 460 pariter
496 388 663 460 superando
680 386 805 461 tyranni.
946 387 973 454 Î‘
989 388 1046 444 Nec
1062 389 1162 447 minus
1177 408 1256 465 ergo,
1273 393 1318 450 sui
1335 395 1418 468 signo
1433 398 1570 457 donanda
1585 401 1738 477 triumphi,

109 474 189 539 llinc,
207 474 340 547 gaudens
356 474 385 529 in
402 478 430 530 te
446 476 571 531 nimium
587 477 744 548 superbae
760 476 877 548 pictate,
987 477 1118 552 llartyrii
1134 481 1263 554 palmam
1280 487 1417 557 sumpsit,
1430 487 1493 545 sine
1508 490 1565 546 fine
1580 493 1751 564 gerendam,

106 565 149 620 Ad
166 568 194 620 te
210 582 288 619 nunc
303 563 411 621 animis
426 564 534 620 festine
549 565 647 621 venire
658 565 812 636 jucundis,
987 570 1048 633 Quo
1066 574 1177 642 martyr
1192 570 1269 639 felix,
1284 573 1393 645 duplici
1410 578 1567 635 certamine
1582 579 1698 651 victrix,

106 653 218 726 Optans
231 654 301 725 jura
314 652 375 726 pati
390 654 505 721 mortis,
521 653 666 726 citiusque
682 652 795 721 resolvi,
986 658 1063 712 lu
1078 650 1223 730 corporis,
1238 664 1266 715 ct
1283 662 1399 731 mentis,
1415 665 1496 719 carni
1509 684 1624 740 semper
1643 669 1808 745 renitentis,

106 746 168 810 Quo
185 759 298 798 mercar
311 759 375 797 vere
386 741 577 813 contemplari
594 741 657 798 sine
673 743 736 797 fine
987 744 1076 800 Utens
1092 747 1190 802 aterni
1206 749 1304 805 bravio
1320 752 1400 824 regni
1418 752 1578 825 duplicato,

105 833 155 902 Te,
173 849 260 904 quem
276 831 406 904 quesivi,
424 848 511 903 quem
530 831 625 887 solum
639 849 755 903 semper
769 830 875 885 anlavi.
986 834 1065 890 lnter
1077 835 1223 909 virgineas
1239 837 1363 911 fulgeret
1379 841 1459 897 clara
1470 848 1611 917 catervas,

104 923 181 978 m
197 923 241 976 Tu
252 920 380 975 clemens
390 919 585 991 animam,pro
596 919 928 992 tedecorporcpulsam,
985 924 1059 979 Lilia
1073 942 1135 993 ceu,
1153 927 1274 998 pulchro
1290 946 1372 984 roseo
1384 932 1524 1002 permista
1539 935 1653 1004 rubore,

104 1011 183 1067 lutra
198 1009 326 1066 claustra
340 1009 383 1064 tui
398 1009 555 1081 dignanter
570 1011 687 1082 suscipe
704 1008 795 1081 regni,
984 1015 1063 1069 lnter
1078 1014 1197 1070 delicias
1213 1016 1317 1071 ilerum
1334 1018 1457 1075 rutilant
1471 1023 1629 1079 variorum.

104 1104 166 1168 Quo
179 1106 223 1167 tu,
234 1101 303 1172 jure
318 1103 367 1154 tuo
383 1097 496 1171 pellens
511 1099 567 1154 sub
583 1098 700 1155 nomine
715 1099 802 1168 trino,
984 1103 1098 1159 Interea
1111 1121 1227 1176 quoque
1242 1123 1429 1163 summorum
1446 1126 1530 1165 sacra
1544 1128 1615 1167 cura
1638 1119 1805 1185 parentum,

104 1193 165 1248 Rex
176 1208 254 1246 uuus
269 1188 411 1244 machina
427 1205 524 1244 rerum
540 1205 592 1260 per
605 1187 711 1244 saccula
725 1189 819 1257 trina,
983 1192 1135 1247 Exsultum
1152 1179 1261 1265 magna
1274 1194 1363 1249 lunus
1378 1197 1541 1254 vericrabile
1556 1216 1673 1274 pompa,

105 1282 205 1354 ltaque
219 1282 325 1335 cuncta
339 1277 416 1352 regis
431 1282 547 1350 seeptro
564 1295 687 1334 summae
702 1277 836 1335 Deitatis,
983 1281 1014 1336 ln
1030 1281 1142 1355 gremio
1157 1284 1239 1338 terrae
1254 1286 1314 1339 toto
1330 1284 1456 1341 contexit
1471 1287 1590 1358 honore,

103 1371 231 1439 Scilicet,
246 1367 357 1425 orantis
371 1367 509 1440 precibus
518 1368 581 1439 jam
596 1369 649 1424 rite
666 1367 804 1441 peractis,
981 1371 1039 1425 Nec
1055 1369 1153 1426 saltim
1169 1371 1291 1427 bustum
1305 1377 1426 1428 saeratae
1441 1374 1563 1448 virginis
1578 1377 1688 1450 ipsum,

103 1461 224 1535 Ignibus
237 1456 398 1525 exstinctis,
417 1457 542 1513 moritur
558 1457 658 1514 subito
674 1473 762 1530 rogus
777 1456 883 1525 omnis,
981 1460 1062 1526 Quod
1078 1477 1129 1531 pro
1145 1459 1295 1516 servandis
1309 1462 1405 1517 iuerat
1419 1465 1582 1522 venerabile
1598 1468 1750 1538 membris,

101 1552 137 1607 ut
151 1549 226 1606 cinis
242 1548 315 1620 ipse,
332 1545 395 1602 suis
410 1546 649 1618 confrigescendo
665 1545 781 1612 favillis,
980 1547 1153 1604 Sollicitudo
1168 1549 1328 1622 parentalis
1344 1552 1523 1625 contempsit
1537 1556 1658 1625 amoris,

102 1640 149 1696 Sic
163 1653 265 1711 expers
280 1635 377 1692 omnis
387 1635 482 1690 lactus
498 1634 553 1690 luit
568 1634 627 1690 imo
643 1634 758 1703 caloris,
979 1637 1034 1693 Sed
1050 1638 1106 1693 sub
1122 1639 1274 1695 nocturnis
1288 1644 1385 1696 servat
1398 1641 1589 1715 vigilantibus
1604 1644 1694 1702 horis.

101 1730 137 1786 Ut
153 1744 206 1784 nec
222 1724 380 1783 scintillam
396 1724 452 1780 sibi
469 1729 534 1796 post
549 1725 707 1780 servaverit
722 1724 824 1792 ullam,
938 1729 1024 1826 BAt,
1040 1727 1111 1783 dum
1126 1727 1290 1801 pervigiles,
1306 1735 1444 1786 consueto
1460 1749 1550 1800 more,
1568 1738 1712 1806 parentes.

100 1820 159 1875 lloc
174 1816 265 1891 igitur
278 1814 361 1887 signo
370 1814 433 1884 jam
449 1812 627 1869 clarescente
643 1815 797 1887 stupendo,
978 1815 1122 1872 Excubias
1136 1817 1210 1890 proli
1226 1817 1412 1875 celebrabant
1428 1825 1526 1877 mente
1542 1822 1632 1894 fideli,

100 1911 213 1976 Quanto
229 1923 261 1962 se
273 1904 354 1961 virus
367 1902 473 1959 Christi
487 1902 553 1974 plus
567 1903 675 1976 detegit
688 1904 761 1972 orbi,
977 1903 1096 1961 Coelitus
1111 1905 1158 1961 his
1172 1905 1245 1978 ipsis
1261 1912 1443 1964 monstratur
1455 1909 1528 1966 visio
1544 1911 1622 1967 talis.

100 1998 193 2054 'lanto
208 1994 330 2067 majoris
345 1991 427 2047 rabie
442 1991 582 2065 spirando
598 1992 705 2048 suroris
978 1994 1109 2067 Denique
1125 1992 1271 2067 virgineas
1287 1997 1385 2051 subito
1401 1998 1577 2055 descendere
1591 2004 1705 2060 turmas

100 2088 232 2159 injustus
242 2084 334 2156 judex
349 2081 448 2137 animo
464 2080 612 2138 cruciatur
627 2099 737 2152 amaro,
976 2083 1129 2152 Viderunt,
1146 2080 1245 2155 lapsas
1261 2084 1346 2140 celeri
1358 2086 1393 2141 dc
1405 2087 1524 2143 cardine
1539 2089 1615 2157 eoeli,

98 2176 156 2232 Nee
171 2174 283 2249 patitur
297 2188 411 2228 sacram
426 2170 564 2242 posthac
579 2187 733 2243 superesse
746 2169 884 2244 puellam,
976 2172 1102 2227 Ornatas
1117 2171 1248 2243 pulchre,
1266 2171 1352 2244 pleno
1367 2179 1559 2247 comptasque
1573 2177 1685 2247 decore,

99 2266 153 2322 Per
167 2281 257 2337 quam
273 2265 343 2318 sunt
357 2260 459 2316 crebro
472 2259 614 2316 miracula
629 2264 711 2316 tanta
723 2264 848 2333 patrata,
976 2262 1054 2316 lntcr
1068 2277 1142 2332 quas
1156 2262 1278 2332 Agnem,
1296 2261 1385 2317 simili
1403 2262 1557 2334 splendore
1573 2268 1727 2340 nitentem,

96 2355 174 2412 Ense
187 2354 240 2410 sed
255 2351 399 2418 immisso,
412 2352 545 2406 tenerum
560 2352 663 2422 gut'ur
676 2350 866 2423 penetrando,
976 2349 1156 2422 Conspexere
1172 2366 1268 2415 suam,
1284 2367 1336 2421 pro
1352 2352 1465 2408 Christo
1481 2354 1708 2427 martyrisatam,

97 2443 233 2516 Martyris
248 2441 369 2514 egregias
381 2438 522 2512 Jugulum
536 2440 661 2511 perledit
675 2456 785 2508 amare,
973 2442 997 2495 A
1012 2438 1121 2494 dextris
1136 2439 1222 2509 cujus
1238 2439 1303 2494 nive
1318 2438 1470 2496 candidior
1485 2443 1567 2498 stetit
1581 2461 1685 2517 agnus.

96 2535 141 2602 Et,
155 2533 218 2589 vice
232 2547 380 2598 conversa,
398 2530 475 2602 quod
492 2545 550 2584 non
564 2529 691 2601 sperarit
704 2530 817 2601 agendo
975 2533 1053 2596 Qiros
1068 2527 1173 2583 merito
1189 2528 1255 2583 fidei
1272 2527 1356 2583 scirit
1373 2528 1476 2601 dignes
1491 2532 1632 2601 venerari,

97 2623 141 2680 llli
158 2621 289 2696 proiecit,
304 2619 350 2675 cui
365 2619 458 2691 gratis
473 2618 576 2673 obesse
592 2618 712 2689 cupivit,
974 2617 1083 2673 Blande
1098 2615 1253 2688 colloquiis
1272 2616 1337 2672 illos
1348 2618 1455 2673 edatur
1469 2620 1582 2689 amicis,

96 2711 313 2768 Transmittens
326 2707 408 2776 coelo,
421 2725 510 2780 quarn
526 2708 671 2763 subtraxit
687 2706 763 2765 male
779 2709 899 2764 munde.
973 2706 1079 2761 Dicens
1095 2722 1173 2760 nuno
1183 2706 1309 2777 gaudete
1319 2707 1624 2779 mecuntgratulande
1633 2727 1795 2784 peravum,

93 2804 141 2870 At,
156 2800 219 2867 ubi,
233 2816 284 2872 pro
299 2796 413 2853 Christo
429 2796 529 2852 lethali
543 2796 663 2853 vulnere
677 2795 755 2865 lesa,
973 2796 1044 2851 Sum
1061 2795 1139 2866 quia,
1157 2793 1276 2850 lucillus
1292 2795 1378 2868 ltcgis
1390 2796 1515 2853 eoelestis
1531 2797 1560 2853 in
1576 2799 1653 2871 aula,

93 2892 264 2947 Extremum
281 2887 405 2943 Domino
421 2886 524 2942 ilatum
540 2886 636 2942 reddit
648 2887 809 2956 moriendo,
972 2884 1143 2957 Virginibus
1158 2884 1249 2939 saeris
1265 2883 1374 2940 sociata
1388 2885 1555 2957 perenniter
1569 2888 1635 2945 istis

92 2983 197 3053 Atque,
214 2978 271 3033 side
284 2976 373 3044 salva,
391 2977 523 3050 gaudens
539 2976 686 3033 obdormit
701 2976 731 3031 in
748 2976 809 3046 illo,
971 2975 1006 3030 ut
1020 2991 1099 3028 nunc
1114 2972 1144 3027 in
1161 2973 1241 3028 coelis
1257 2972 1299 3028 illi
1315 2975 1477 3047 conjungor
1490 2977 1600 3033 amoris

94 3069 182 3126 Ocius
195 3066 318 3141 angelici
333 3071 437 3134 cintus,
453 3066 489 3122 de
505 3065 599 3121 sidere
610 3065 695 3138 lapsi,
971 3061 1113 3134 Amplexu
1130 3061 1219 3129 dulci,
1233 3079 1320 3134 quem
1338 3080 1454 3136 semper
1469 3069 1567 3120 mente
1582 3067 1659 3123 lideli

92 3160 241 3226 Astantcs,
258 3154 388 3211 animam
403 3154 486 3210 niveo
501 3155 626 3209 candore
640 3171 803 3222 coruscam,
930 3132 952 3200 G
972 3154 1004 3208 ln
1020 3151 1106 3207 terris
1118 3150 1205 3219 colui,
1223 3151 1346 3223 cupiens
1361 3152 1424 3209 sine
1440 3153 1496 3209 line
1511 3155 1597 3210 tueri.

92 3248 151 3304 Nec
168 3264 226 3302 non
237 3244 363 3301 eoelestis
377 3244 526 3318 pertusam
540 3243 605 3299 lucc
621 3243 734 3312 nitoris,
970 3241 1021 3297 llis
1035 3239 1126 3313 igitur
1140 3239 1226 3295 dictis
1241 3240 1338 3296 subito
1355 3234 1489 3298 discessit
1504 3243 1540 3298 ab
1555 3243 1630 3299 aliis.

92 3336 203 3393 Blande
218 3335 386 3407 suscipiunt
400 3333 517 3406 latique
532 3350 583 3405 per
597 3351 666 3389 aera
680 3332 798 3403 tollunt,
969 3333 1035 3401 Qui,
1051 3331 1176 3386 nimium
1192 3330 1249 3385 lati
1264 3335 1346 3387 tanto
1362 3332 1503 3389 solamine
1518 3333 1597 3404 lacti,

91 3426 225 3499 Congrue
240 3424 344 3480 divinae
358 3421 455 3478 laudis
470 3422 677 3478 resonantibus
691 3423 820 3496 hymnis,
969 3421 1127 3478 Siceabant
1143 3419 1288 3492 lacrymas
1304 3438 1394 3493 super
1408 3422 1472 3492 ejus
1488 3426 1581 3479 morte
1596 3424 1720 3491 refusas,

91 3515 221 3588 Indeque
236 3517 431 3569 transvectam
446 3511 549 3567 celeris
565 3528 653 3582 super
666 3511 781 3567 etheris
797 3513 879 3585 ignes
969 3512 1005 3566 Et
1019 3510 1121 3566 laudes
1136 3510 1261 3565 Domino
1277 3509 1442 3581 psallebant
1455 3529 1524 3567 voce
1539 3529 1655 3583 canora,

91 3604 210 3660 Ducunt
224 3602 397 3675 astrigeram
412 3599 512 3672 sponsi
527 3598 653 3654 coelestis
669 3600 698 3654 in
714 3598 824 3667 aulam,
971 3600 1026 3667 Qui
1040 3602 1107 3670 post
1122 3600 1196 3653 dura
1211 3597 1274 3654 suis
1290 3598 1563 3656 tribuitccrtamina
1576 3603 1686 3658 sanctis

88 3695 114 3749 Î‘
129 3710 187 3767 quo
203 3691 343 3749 continuo
359 3690 471 3746 clarum
488 3688 629 3744 rutilante
644 3705 751 3744 corona
969 3687 1118 3755 Tastibus,
1135 3691 1248 3742 aterna
1263 3684 1423 3741 clementer
1437 3687 1556 3759 praemia
1567 3688 1642 3744 sitae.

90 3783 231 3852 llonatur,
248 3798 327 3855 pure
342 3796 394 3853 pro
406 3778 584 3851 virginitatis
599 3777 719 3835 honore.

1421 3928 1793 3957 Î‡-Î‡Î‡Î‡Î‡--Ï€---

646 4046 1239 4152 auersatam

832 4223 1065 4331 Carmine

479 4421 525 4537 ll
560 4419 786 4537 ttttttttt
820 4420 977 4538 tetttt
1013 4419 1405 4538 attttttltttttttt

921 4619 961 4668 Î•Î¤

192 4754 293 4881 llll
340 4748 628 4882 Gestis
674 4747 1046 4885 ODDONlS
1090 4753 1116 4879 l
1164 4745 1690 4884 IMPRATORIS.

491 5057 585 5131 (Apud
601 5057 636 5115 D.
651 5058 742 5127 Perta,
758 5057 877 5116 dionant.
895 5061 990 5116 Gemi.
1006 5057 1114 5127 hister,
1131 5055 1236 5128 Seript.
1250 5058 1319 5112 tom.
1338 5054 1397 5124 IV.)

126 5288 350 5363 Septuagesimo
366 5289 482 5346 circiter
495 5308 572 5347 anno
583 5294 740 5363 postquam
750 5292 916 5364 poetaSnxo
931 5294 955 5359 Î™)
970 5291 1166 5348 Christianam
1182 5286 1400 5344 conversionem
1415 5285 1548 5344 versibus
1557 5287 1794 5361 expressit,HrotÎ‡
1848 5312 1852 5319 Î‡
1867 5262 1874 5275 â¹

89 5377 185 5435 Caroli
201 5379 301 5454 Magni
315 5396 362 5436 res
369 5384 469 5454 gestas
477 5384 506 5436 et
514 5381 611 5454 gentis
620 5379 769 5437 Saxonicae
780 5381 912 5438 adtidem
968 5380 1067 5437 suitha
1081 5381 1130 5450 (l),
1147 5376 1296 5448 monialis,
1313 5376 1436 5432 caenobii
1452 5375 1480 5431 in
1497 5394 1555 5449 quo
1570 5378 1694 5452 degebat
1714 5377 1792 5436 GanÎ‡

125 5534 166 5606 (i)
181 5533 224 5592 Ita
239 5533 270 5591 in
286 5535 399 5610 pralet.
414 5533 546 5590 Historia
557 5532 911 5604 praeteriissemus
967 5528 1191 5591 resurrectionis
1206 5528 1332 5599 Domini,
1348 5527 1378 5584 in
1396 5526 1564 5602 prelatione
1579 5528 1712 5604 Gaugalil
1722 5527 1792 5589 etin

250 5670 387 5734 Parnon.
409 5668 579 5733 axxxm.
1559 5724 1561 5729 .
1593 5663 1633 5729 36
