3900 6090
113 262 188 341 toul

462 419 582 475 marles.

146 511 324 585 Praecepisti,
339 530 451 588 nosque
474 516 534 574 tuis
547 519 701 591 praecptis
715 531 834 593 oporam
850 512 932 579 dedi·

108 616 177 658 mus
187 601 412 676 implendissad
428 616 620 678 supervenere
630 607 931 683 duoignotijuvenes,

108 697 273 750 asserentes
283 709 315 750 se
326 693 362 750 ad
374 693 429 751 hoc
439 710 473 751 ex
482 699 511 752 te
526 697 644 767 missus,
661 702 695 754 ut
708 699 822 756 trenam
836 701 872 757 ad
888 716 933 758 ca-

106 798 212 839 eumon
227 783 336 840 montis
351 785 553 857 perducerent.

440 888 595 940 aremulus.

141 980 324 1055 Ignorabam.

456 1098 578 1138 minares.

138 1178 343 1252 Agnoscimus.

438 1288 595 1336 srsluulus.

139 1376 244 1446 Quales
257 1377 401 1434 luerunt?
477 1439 480 1442 ⁴

454 1483 578 1526 saumas.

137 1566 252 1624 Amictn
267 1565 424 1640 splendidi,
440 1566 523 1625 vultu
539 1564 873 1625 admodum-reverendi.

435 1668 590 1724 exeramus.

137 1763 213 1822 Num
225 1763 428 1839 sequebamini
438 1763 528 1823 illos?

451 1865 573 1922 urinas.

137 1964 347 2036 sequebamur.

434 2073 587 2121 sistamus.

134 2160 208 2229 uoto
223 2162 382 2220 recolunt-t«

449 2277 571 2319 urum.

132 2361 155 2413 Α
170 2358 512 2433 doxtlalmvuquelrenm
527 2375 558 2416 se
573 2359 785 2429 locaveruntot·
795 2377 849 2417 nos
863 2360 921 2419 huc

97 2446 275 2521 direxerunt,
296 2464 354 2522 quo
370 2452 397 2506 te
412 2447 506 2506 exitus
522 2449 562 2505 rei
574 2464 632 2506 non
647 2447 758 2506 lateret.

430 2553 591 2606 simmatus.-

133 2645 233 2703 Restat
247 2649 280 2704 ut
292 2662 415 2704 ascenso
442 2663 517 2720 equo
535 2662 666 2721 pergam,
682 2651 711 2703 et
725 2646 776 2720 qui
799 2630 917 2719 fuerint,

95 2735 147 2807 qui
164 2752 218 2792 nos
233 2739 294 2793 tam
308 2735 399 2794 libore
413 2734 579 2806 illuserunt,
597 2735 776 2809 perquiram.

446 2849 571 2892 scurras.

129 2918 322 3005 quferemus
336 2932 456 3006 pariter.

583 272 789 351 mumulo
810 287 896 352 sax.
912 323 951 337 -
965 287 1018 354 lu.
1041 292 1330 360 mentasanus,

1731 294 1813 365 tw!

1300 422 1414 485 SCllNA
1430 421 1502 486 XIV.

1330 528 1485 576 slslltltltis.

1023 602 1095 661 Hem
1109 610 1116 662 l
1130 610 1233 680 ignoro
1248 605 1317 679 quid
1330 622 1430 679 agam.
1441 600 1735 664 Possumdatus‘sum'
1748 606 1810 664 ma·

986 690 1088 749 leficiis
1102 695 1345 753 christicolarum.
1363 697 1405 752 lla
1420 688 1551 753 montem
1566 694 1757 764 circumeant
1769 708 1814 754 sc·

986 781 1090 837 mitam
1107 783 1263 856 aliquoties
1279 784 1497 858 reperiendum
1512 801 1668 841 ascensum
1683 800 1812 858 compre·

985 870 1122 943 hendero,
1139 890 1192 929 nec
1202 872 1330 930 reditum
1344 890 1419 947 queo
1434 878 1572 948 repetere.

1334 978 1459 1020 miurus.

1022 1050 1110 1109 Miris
1120 1053 1216 1108 modis
1230 1069 1333 1110 omncs
1347 1052 1511 1122 illudimur,
1528 1051 1679 1124 nimiaque
1694 1049 1811 1118 lassitu-

984 1141 1052 1197 dine
1067 1141 1236 1216 fatigamur,
1252 1147 1281 1198 et
1295 1141 1320 1198 si
1335 1141 1473 1199 incanum
1488 1145 1577 1214 caput
1590 1139 1702 1197 diutius
1714 1140 1810 1205 vivere

984 1229 1122 1302 sustines,
1138 1235 1167 1289 te
1181 1231 1281 1306 ipsum
1295 1235 1326 1289 et
1340 1247 1393 1288 nos
1407 1230 1522 1303 perdes.

1316 1335 1472 1379 sistamus.

937 1446 943 1453 -
1018 1408 1157 1485 Quisquis
1172 1424 1204 1468 es
1216 1408 1614 1480 meorum,strenueextcnde
1629 1408 1807 1482 arcumq'ace
1895 1392 1900 1403 ¹

981 1499 1131 1572 sagittam,
1147 1499 1266 1574 perfode
1280 1499 1357 1558 hanc
1371 1487 1545 1556 malelloe'm.

1328 1591 1461 1648 armans.-

1015 1678 1112 1738 Decet.

1341 1776 1452 1828 tutta.-

1015 1854 1803 1932 Infelix,erubesce,tequeturpitervictumingemiscb,

978 1946 1170 2021 quintanella
1181 1948 1336 2005 infantiam
1344 1945 1523 2021 virguncula
1531 1945 1643 2017 absquo
1653 1960 1803 2004 armornm

977 2042 1120 2110 apparatu
1134 2037 1261 2110 nequisti
1275 2051 1423 2110 superare.

1314 2130 1467 2184 sternutus.

1012 2217 1160 2291 Quidquid
1175 2216 1326 2274 dedecoris
1345 2215 1452 2273 accidit
1463 2214 1673 2288 letius'tolero,
1690 2214 1802 2288 quiete

976 2307 1149 2364 morituram
1165 2306 1244 2364 haud
1259 2306 1372 2365 dubito.

1341 2410 1434 2453 annas.

1010 2486 1083 2543 Hinc
1098 2485 1170 2541 mihi
1190 2501 1279 2558 quem
1303 2485 1430 2541 maxime
1451 2476 1651 2559 gaudendum,¹
1666 2485 1719 2542 othl
1733 2495 1801 2542 vem

974 2575 1143 2644 dolendum,
1159 2573 1230 2647 quia
1244 2591 1296 2647 pro
1311 2574 1355 2630 tui
1379 2573 1533 2630 severitate
1561 2572 1756 2647 malignitatis
1769 2573 1800 2630 in

973 2666 1096 2722 Tartara
1111 2663 1299 2722 damnaberis
1312 2689 1319 2733 ;
1337 2679 1390 2737 ego
1405 2668 1504 2719 autem
1521 2661 1653 2736 martyrii
1669 2655 1799 2736 palmam

971 2752 1208 2827 virginitatisque
1217 2752 1581 2825 receptura-coronam„
1591 2751 1706 2808 intrabo
1714 2750 1801 2808 ethe-

972 2859 1055 2900 reum
1066 2843 1166 2899 aeterni
1180 2840 1258 2916 mgis
1272 2840 1659 2912 thalamum,culcstlrcnct
1671 2837 1799 2914 etglor'ia

971 2931 1002 2989 in
1017 2931 1135 2989 saecula.

906 3305 977 3410 ΙΙΙ

630 3511 1252 3652 dotnltolclltls

445 3906 976 4048 ltd'dllllltddtlllt
1003 3920 1447 4047 dlttlullflldll
1487 4092 1503 4116 ο

126 4164 320 4224 Resuscitatio
335 4165 487 4222 Drusiana
503 4168 532 4221 ct
546 4163 729 4235 Callimachi,
746 4165 797 4238 qui
808 4176 946 4222 eam-non
962 4163 1059 4223 solum
1073 4164 1180 4235 vivam,
1194 4164 1246 4221 sed
1260 4162 1350 4220 etiam
1366 4158 1558 4235 pra-alauda
1571 4161 1659 4233 atquc
1673 4128 1799 4215 exceca-

89 4239 168 4296 tione
182 4237 278 4295 illiciti
291 4236 411 4305 amoris,
426 4235 463 4292 in'
472 4236 597 4292 &mino
612 4239 759 4293 mortuam
775 4235 930 4310 plusjusto
944 4236 1063 4306 amauit,
1078 4237 1157 4293 undo
1171 4252 1276 4299 morsu
1287 4233 1433 4307 serpentis
1445 4231 1522 4290 mele
1537 4231 1625 4305 periit
1635 4247 1649 4301 ;.
1659 4229 1711 4286 scd
1732 4245 1798 4304 pce·

89 4311 173 4369 cibus
188 4308 283 4368 sancti
298 4306 422 4367 ioannis
437 4306 563 4381 apostoli
578 4323 638 4364 una
653 4323 720 4365 cum
736 4307 1095 4379 Dmmianarosuscitatus‚
1108 4307 1139 4365 in
1155 4307 1270 4365 Christo
1284 4312 1331 4364 est
1346 4310 1474 4364 renatus.

733 4608 1113 4705 macilentiores
1135 4653 1145 4700 ι

209 4792 474 4878 musculosus
489 4806 581 4873 loru,
599 4792 791 4874 necamur,
806 4792 1049 4878 laneumque,
1063 4804 1225 4864 seuerus
1240 4802 1410 4871 sclusas,
1427 4796 1681 4868 coenonema

424 4986 540 5046 SGENA
559 4984 580 5043 1.

379 5152 382 5159 Ι
398 5082 604 5134 ei'nmita'cens.

127 5171 230 5232 Paucis
244 5170 306 5241 vos,
321 5165 420 5239 adiici,
434 5165 508 5224 vol’o.

458 5258 548 5313 antidi.

126 5354 212 5411 Utere
225 5347 444 5424 quantumlibet
458 5348 557 5403 nostro
572 5341 726 5416 colloquio.

401 5435 607 5493 mimnacsus'.

126 5518 157 5590 Si
177 5547 251 5605 egre
275 5545 334 5585 non
364 5516 507 5611 acci‘pitis,
524 5522 601 5580 malo
615 5532 666 5580 v'oe
681 5521 799 5578 interim
815 5530 915 5597 seque

90 5625 185 5685 auaro
198 5619 324 5684 aliorum
338 5612 494 5688 colloquio.

249 5755 385 5844 Poenos.
406 5747 580 5842 llllltlllllt.

1337 4999 1426 5040 aurel.

1006 5078 1087 5146 Quod
1102 5076 1156 5133 tibi
1170 5075 1286 5133 videtur
1300 5071 1489 5131 commodum
1509 5067 1594 5127 nobie
1607 5069 1653 5124 est
1667 5080 1795 5139 sequen·

969 5168 1052 5226 dum.

1278 5260 1485 5312 musculosus.

1003 5346 1184 5404 Accedamus
1199 5345 1229 5401 in
1245 5344 1402 5401 secretiora
1424 5341 1498 5409 loca,
1516 5355 1553 5394 ne
1568 5334 1677 5409 aliquis
1696 5348 1796 5408 supen-

968 5435 1088 5493 vcutens
1104 5434 1300 5507 interrumpat
1315 5431 1449 5489 dicenda.

1337 5534 1426 5580 sulca.

1004 5612 1041 5674 et
1054 5608 1136 5673 llaec.
