3900 6090
125 302 185 370 38³

656 299 821 366 GEZONIS
846 295 1010 363 uentris
1032 297 1307 403 uunueuuusts

1769 296 1830 358 384

123 434 542 499 carnisadmiscuitlltaenim
554 431 950 505 emnesunumsumus,qule
963 433 992 502 Α
1006 449 1102 489 ιιιεειιι
1118 449 1246 500 carnem,
1263 436 1292 488 et
1307 432 1368 505 ipse
1381 428 1449 487 vivit
1462 448 1514 506 ρει
1529 448 1585 488 mc.
1602 430 1678 487 Vivit
1693 448 1762 505 crgo
1778 449 1831 505 per

123 535 152 587 et
165 531 194 585 in
207 528 320 587 Christo
336 528 420 584 Pater
443 531 498 594 cst,
515 530 543 581 et
566 524 699 580 Christus
724 523 754 578 iu
779 523 864 578 nobis
893 524 949 578 est.

122 618 260 691 Quisquis
270 634 338 690 crgo
349 615 521 671 naturaliter
532 613 682 669 Patremin
691 611 806 668 Christo
818 610 948 684 negabit,

123 701 207 780 neget
221 707 302 779 prius
328 722 386 759 uon
411 702 584 759 naturaliter
599 700 642 757 vel
657 718 688 757 sc
705 702 734 755 in
762 699 878 756 Christo
903 698 949 754 vel

122 795 272 852 Christum
288 794 344 849 sibi
360 793 467 859 inesse,
485 792 553 864 quia
569 792 597 845 in
610 790 724 846 Christo
737 789 821 844 l‘ater
832 792 861 844 et
871 787 951 844 Chri·

124 889 187 941 stus
203 885 231 938 in
248 881 332 938 nobis
347 900 438 937 unum
456 883 484 936 in
500 881 547 935 his
563 897 627 935 cesse
643 896 695 933 nos
707 879 828 933 faciunt,
841 876 870 932 Si
881 893 948 932 rere

121 973 334 1045 igiturearnem
347 969 574 1041 corperisnostri
586 966 719 1022 Christus
731 965 902 1037 assumpsit,
919 967 949 1020 et

119 1077 185 1117 vere
201 1059 288 1115 boma
305 1057 352 1113 ille
367 1057 418 1130 qui
429 1075 463 1112 ex
480 1056 572 1112 Maria
587 1059 673 1110 natus
685 1055 739 1110 luit
749 1054 882 1109 Christus
892 1055 947 1120 est,

122 1165 234 1221 nosque
243 1165 310 1205 vero
322 1148 377 1202 sub
388 1145 526 1219 mysterio
535 1160 653 1200 carnem
662 1143 792 1214 corporis
803 1140 848 1197 sui
860 1141 949 1197 sumi-

121 1255 198 1302 mus,
215 1241 244 1293 et
258 1252 309 1309 per
321 1232 684 1305 hocunumerimus,quia
695 1232 819 1287 Peterin
832 1230 880 1286 illo
891 1234 945 1299 cet,

120 1330 149 1382 et
164 1325 210 1381 ille
224 1326 254 1379 in
271 1324 373 1391 nobis;
390 1324 535 1396 quomodo
551 1321 711 1376 voluntatis
726 1321 823 1375 unitas
841 1317 945 1375 asseri·

119 1418 177 1482 tur,
195 1429 263 1469 eum
279 1411 450 1468 naturaliter
463 1427 514 1483 per
536 1413 754 1466 sacramentum
780 1407 945 1480 proprietas

119 1496 940 1576 perlectesacramentumsitunitatislNonesthumano

119 1596 171 1648 aut
179 1589 277 1647 seculi
288 1607 377 1646 sensu
385 1589 415 1644 in
424 1589 474 1644 Dei
488 1588 576 1645 rebus
587 1586 776 1659 loquendum.
784 1584 884 1657 Neque
892 1599 943 1656 per

119 1679 288 1737 violentiam
304 1683 356 1734 aut
369 1677 570 1749 impudentem
586 1672 822 1747 pradicationem
843 1670 943 1729 cccles-

119 1769 193 1825 tium
208 1768 354 1824 dictorum
371 1765 489 1822 sanitati
507 1764 618 1830 aliena,
636 1768 722 1836 atque
733 1761 829 1834 impias
840 1759 945 1816 intelli-

119 1856 223 1931 gentie
247 1855 446 1927 extorquenda
475 1851 649 1925 perversitas
673 1854 728 1907 est.
745 1853 813 1917 Qua
834 1848 944 1921 scripte

119 1938 944 2017 suntlegamus,etquaelegerimusintelligamus,ettunc

97 2072 101 2079 -
119 2049 165 2106 per
172 2032 246 2089 lecto
263 2031 330 2086 fidei
341 2029 436 2085 olbcie
450 2029 616 2100 fungemur.
632 2027 671 2082 De
684 2025 811 2082 naturali
822 2025 900 2081 enim
912 2023 943 2080 in

120 2120 205 2177 nobis
219 2117 327 2176 Christi
342 2118 463 2174 veritate
479 2133 543 2188 qua
557 2114 683 2171 dicimus
700 2114 756 2170 nisi
769 2115 804 2170 ab
816 2131 849 2170 eo
860 2113 944 2170 disci·

119 2226 196 2278 mus,
213 2207 303 2265 stulta
318 2210 405 2278 atque
420 2205 509 2277 impie
525 2203 663 2259 dicimus.
676 2204 740 2275 lpse
754 2203 833 2258 enim
850 2202 940 2257 dixit:

118 2297 190 2355 Caro
206 2313 272 2353 maa
285 2311 351 2352 vere
366 2298 410 2350 est
423 2309 506 2360 esee;
524 2296 552 2348 et
566 2291 687 2365 sanguis
713 2307 796 2347 meus
819 2306 885 2346 vcro
900 2292 945 2346 est

119 2391 216 2460 potus.
233 2384 287 2453 Qui
302 2384 363 2441 edit
376 2399 494 2440 carnem
517 2398 612 2438 meam
628 2385 656 2437 et
670 2380 744 2437 bibit
767 2380 942 2454 sanguinem

119 2490 228 2542 meum,
244 2473 274 2529 in
290 2489 337 2528 me
352 2474 461 2539 manet,
477 2475 505 2525 et
520 2486 573 2542 ego
588 2468 618 2524 in
633 2485 677 2524 co.
694 2468 734 2524 Dc
748 2466 874 2524 Veritate
884 2483 945 2524 car-

118 2564 165 2620 nis
178 2566 207 2620 et
220 2560 375 2635 sanguinis
389 2576 448 2616 non
460 2558 578 2614 relictus
593 2560 638 2614 cst
656 2556 824 2630 ambigendi
849 2555 942 2613 loeus.

118 2653 201 2710 Nunc
216 2652 295 2708 enim
311 2655 340 2706 et
353 2648 448 2722 ipsius
462 2647 577 2703 Domini
592 2646 781 2719 professione,
790 2651 818 2702 et
829 2646 885 2702 fide
896 2663 945 2701 no·

117 2745 180 2798 stra
193 2758 262 2798 vera
276 2755 342 2796 caro
359 2743 414 2806 est,
431 2741 460 2793 ct
474 2753 540 2793 vere
550 2737 672 2809 sanguis
682 2739 736 2791 est.
749 2737 784 2791 ut
794 2736 855 2791 hac
866 2750 945 2791 acee-

116 2834 168 2903 pta
182 2834 270 2902 alque
284 2828 392 2884 bansta
405 2825 434 2882 id
449 2825 594 2894 efficiunt,
603 2829 671 2881 utct
680 2842 733 2880 nos
743 2824 773 2879 in
783 2822 944 2890 Christo,et

116 2919 250 2979 Christus
265 2918 295 2974 in
311 2917 396 2974 nobis
416 2916 464 2972 sit.
480 2917 562 2971 Anne
585 2915 640 2971 hoc
665 2914 772 2971 veritas
798 2930 855 2970 non
878 2913 943 2969 est‘l

1007 522 1120 578 Patrem
1131 540 1137 589 ;
1155 526 1183 576 et
1195 521 1342 592 quomodo
1357 537 1408 594 per
1417 520 1530 576 Patrem
1542 520 1731 589 vivit,eodcm
1743 521 1830 577 modo

1005 627 1059 666 nos
1074 627 1125 683 per
1139 626 1255 665 caruem
1273 610 1338 680 ejus
1352 609 1493 666 vivemus.
1505 609 1608 666 Omnis
1622 609 1701 666 enirn
1711 626 1831 682 compa·

1005 700 1079 754 ratio
1095 700 1131 754 ad
1147 697 1344 770 intelligentia
1360 699 1483 754 termam
1500 697 1698 771 presumitur,
1710 697 1783 753 utid
1794 698 1832 754 de

1004 803 1062 858 quo
1078 787 1175 858 agitur
1190 788 1352 842 seeundum
1368 787 1551 859 propositum
1566 787 1732 859 exemplum
1750 803 1829 842 asse·

1003 892 1139 946 quamur.
1157 876 1221 930 llac
1238 893 1306 949 ergo
1319 874 1384 930 vitra
1402 880 1507 931 nostrae
1525 892 1614 931 causa
1635 881 1690 942 est,
1707 875 1785 947 quod
1798 875 1830 930 in

1004 965 1088 1021 nobis
1103 964 1271 1020 carnalibus
1287 969 1456 1020 manentem
1472 981 1522 1037 per
1537 981 1653 1021 carnem
1678 963 1829 1019 Christum

1003 1054 1155 1121 habemus,
1171 1053 1291 1109 victuris
1307 1053 1391 1110 nobis
1407 1071 1458 1126 per
1473 1071 1540 1109 eum
1551 1070 1584 1110 ea
1592 1053 1759 1110 conditione
1770 1069 1830 1126 qua

1001 1143 1071 1197 vivit
1084 1142 1133 1197 illa
1148 1159 1199 1215 per
1215 1143 1339 1199 Patrem.
1357 1143 1385 1199 Si
1398 1158 1466 1216 ergo
1477 1160 1530 1199 nos
1544 1141 1718 1199 naturaliter
1727 1159 1831 1200 secun-

1001 1230 1072 1285 dum
1088 1247 1206 1287 carnem
1222 1248 1273 1303 per
1288 1248 1355 1287 eum
1371 1231 1507 1298 vivimus,
1520 1231 1604 1287 idest
1618 1237 1756 1288 naturam
1768 1247 1830 1287 car·

1000 1319 1046 1376 uis
1062 1338 1121 1376 sua
1136 1321 1245 1393 adepti,
1258 1321 1404 1392 quomodo
1415 1338 1473 1376 non
1482 1320 1654 1377 naturaliter
1663 1321 1829 1378 secundum

1000 1408 1142 1482 Spiritum
1156 1409 1186 1463 in
1201 1426 1233 1466 se
1249 1411 1362 1467 Patrem
1379 1411 1493 1477 habeat,
1512 1424 1581 1466 cum
1600 1409 1677 1466 vivat
1697 1410 1830 1484 ipseper

1000 1495 1133 1552 Patrem?
1141 1496 1217 1551 Vivit
1228 1501 1326 1552 autem
1338 1513 1389 1569 per
1401 1496 1527 1564 Patrem,
1536 1497 1608 1553 dum
1622 1497 1759 1554 nativitas
1767 1513 1827 1554 nun

999 1582 1124 1639 alienam
1137 1583 1163 1638 ei
1178 1582 1287 1651 intulit,
1299 1583 1505 1657 diversamque
1515 1585 1736 1654 naturam,dum
1747 1584 1827 1658 quod

999 1676 1042 1729 est
1057 1673 1092 1728 ab
1108 1689 1141 1728 eo
1156 1677 1210 1740 est,
1228 1689 1280 1729 nee
1296 1677 1393 1728 tamen
1406 1674 1442 1729 ab
1450 1689 1484 1728 ee
1495 1691 1546 1746 per
1556 1673 1685 1746 aliquam
1698 1673 1829 1732 inciden-

1002 1766 1061 1817 tem
1077 1766 1187 1818 naturae
1203 1761 1476 1820 dissimilitudinem
1493 1765 1733 1836 separatur,dum
1749 1764 1780 1821 in
1795 1780 1828 1823 se

1001 1867 1052 1922 per
1066 1850 1246 1906 nativitatem
1272 1849 1361 1906 habet
1375 1849 1489 1905 Patrem
1514 1849 1545 1905 in
1567 1850 1676 1906 virtute
1699 1855 1824 1908 naturae.

996 1939 1063 1995 llaec
1079 1943 1177 1995 nutem
1190 1938 1301 1995 anobis
1314 1938 1421 1995 idcireo
1432 1943 1662 1996 commemorata
1672 1940 1827 2014 suntquis

997 2027 1154 2084 voluntatis
1170 2030 1284 2083 tanturn
1301 2027 1377 2083 inter
1390 2014 1543 2085 Patrem'et
1558 2027 1665 2085 Filium
1683 2027 1826 2086 unitatem

997 2116 1123 2173 baeretici
1138 2116 1322 2185 mentientes,
1339 2117 1461 2173 unitatis
1477 2121 1582 2174 nostra
1599 2118 1635 2174 ad
1651 2118 1744 2174 Deum
1760 2121 1826 2177 ute·

998 2207 1106 2262 bantur
1120 2205 1262 2278 exemplo,
1278 2211 1421 2278 tanquam
1442 2206 1528 2262 uobis
1550 2208 1586 2263 ad
1610 2204 1717 2262 Filium
1732 2210 1761 2264 et
1774 2223 1827 2282 per

998 2296 1102 2352 Filium
1120 2296 1155 2351 ad
1173 2296 1285 2351 Patrem
1299 2295 1438 2367 obsequio
1449 2299 1566 2351 tautum
1576 2312 1610 2352 ac
1620 2294 1770 2353 voluntate
1779 2312 1826 2354 re-

997 2383 1115 2459 ligionis
1130 2383 1220 2440 unitis
1231 2383 1313 2439 nulla
1323 2400 1375 2456 per
1385 2388 1602 2440 sacramentum
1613 2383 1712 2442 carnis
1722 2390 1751 2441 et
1760 2402 1827 2444 san·

997 2473 1096 2546 guinis
1107 2472 1250 2530 naturalis
1261 2471 1477 2528 communionis
1488 2472 1650 2546 proprietas
1661 2473 1827 2549 indulgere·

998 2566 1055 2618 tur.
1073 2563 1145 2618 Cum
1161 2566 1190 2617 et
1205 2578 1256 2635 per
1271 2560 1412 2618 honorem
1427 2561 1513 2618 nobis
1529 2563 1631 2618 datum
1647 2562 1698 2619 Dei
1710 2561 1787 2633 Filii,
1797 2567 1827 2622 et

998 2654 1218 2725 permanentem
1240 2650 1269 2707 in
1294 2651 1379 2708 nobis
1395 2649 1550 2707 carnaliter
1565 2650 1682 2720 lilium,
1700 2653 1776 2709 etin
1791 2668 1826 2711 cc

998 2739 1082 2796 nobis
1097 2739 1286 2813 corporaliter
1301 2743 1329 2795 et
1343 2738 1577 2813 inseparabiliter
1598 2739 1689 2797 unitis
1714 2744 1827 2816 myste-

998 2829 1076 2885 rium
1091 2845 1164 2885 verce
1180 2845 1213 2884 ac
1230 2828 1373 2885 naturalis
1397 2829 1519 2886 unitatis
1539 2829 1577 2885 sit
1591 2830 1824 2902 predicendum.

1140 2917 1208 2974 Car.
1225 2918 1271 2974 tx.
1287 2949 1321 2959 -
1336 2919 1462 2975 Ecclesia
1475 2917 1541 2990 fides
1555 2918 1697 2976 adorta

116 3007 273 3080 Contingat
288 3005 373 3078 plane
388 3004 435 3060 his
448 3019 550 3060 verum
567 3020 625 3059 ιιοιι
640 3019 715 3070 csse,
727 3003 777 3075 qui
792 3001 943 3058 Christum
1033 3007 1168 3064 Ecclesia
1183 3007 1256 3063 lldes
1268 3006 1435 3080 apsstclicis
1451 3009 1565 3064 imbuta
1580 3007 1723 3066 doctrinis
1744 3009 1842 3068 novit·

116 3096 219 3153 Jesum
236 3094 329 3150 Deum
344 3109 444 3148 verum
458 3108 522 3148 esse
538 3092 693 3164 denegant.
705 3093 756 3147 Est
766 3107 834 3164 crgo
847 3091 876 3146 in
891 3107 944 3146 aa·
998 3097 1027 3152 in
1040 3096 1155 3152 Christo
1171 3095 1364 3163 nativitatem,
1381 3095 1433 3152 sed
1449 3095 1564 3169 ignorat
1575 3095 1727 3153 exordium
1744 3113 1752 3153 ι
1768 3094 1827 3154 scit

118 3185 164 3241 bis
179 3184 243 3257 ipse
257 3199 309 3256 per
323 3197 453 3250 carnem,
468 3184 497 3237 ct
510 3197 614 3237 snmus
629 3181 659 3235 in
683 3198 727 3248 eo,
744 3181 815 3236 dum
841 3172 979 3238 secumC
998 3184 1317 3258 dispensationem,sed
1327 3183 1421 3240 nescit
1432 3183 1686 3242 divisionemNen
1698 3185 1827 3258 partitur

118 3272 174 3329 hoc
188 3272 267 3344 quod
282 3287 336 3327 nos
352 3286 466 3337 sumus,
480 3269 509 3326 in
525 3269 617 3325 Deum
633 3273 686 3325 est.
698 3268 793 3324 Unam
804 3271 903 3324 autem
912 3266 943 3322 in

118 3378 152 3418 eo
160 3377 213 3435 per
225 3364 441 3416 sacramentum
452 3358 673 3414 communicata
683 3357 779 3413 carnis
790 3361 818 3413 et
828 3357 944 3431 sangui·

118 3449 166 3506 nis
180 3448 287 3516 simus,
304 3447 367 3520 ipse
381 3451 507 3503 testatur
521 3446 622 3502 dicens
633 3463 639 3501 :
652 3447 688 3502 nt
698 3446 745 3502 hie
756 3447 886 3501 mundus
896 3461 943 3501 me

112 3539 177 3611 jam
193 3554 251 3593 non
266 3534 362 3606 videt;
379 3553 430 3591 ves
449 3540 548 3592 autem
572 3552 619 3592 me
641 3535 787 3604 videbitis,
803 3533 942 3608 quoniam

116 3644 169 3702 ego
185 3627 258 3696 vivo,
272 3631 301 3682 ct
314 3643 365 3682 vos
379 3624 489 3681 vivetis.
507 3625 537 3680 lu
555 3623 605 3681 illa
620 3623 666 3680 die
686 3641 737 3681 vos
761 3623 942 3698 cognoscetis

116 3717 256 3789 quoniam
272 3732 325 3788 ego
339 3714 369 3770 in
387 3716 470 3771 Patre
485 3731 560 3782 mec,
578 3718 606 3770 et
619 3731 670 3770 ves
684 3713 713 3769 in
730 3731 787 3781 me,
799 3718 828 3770 et
843 3730 895 3787 ego
912 3713 941 3768 ia

114 3803 207 3861 vobis.
220 3803 251 3860 Si
260 3801 420 3858 voluntatis
430 3806 546 3857 tantum
557 3801 702 3857 unitatem
714 3799 835 3870 intelligi
845 3799 940 3868 vellet,

116 3889 942 3966 curgradumquemdamatquecrdinemconsummauda

116 3982 238 4038 unitatis
252 3979 407 4052 exposuit?
422 3978 482 4035 Nisi
498 3984 531 4034 ut
545 3995 612 4034 eum
629 3977 677 4034 ille
688 3978 718 4032 in
734 3978 816 4032 Patre
828 3994 879 4048 per
891 3993 941 4032 ue·

117 4072 214 4124 turam
229 4067 393 4124 divinitatis
409 4072 495 4135 esset,
514 4085 567 4122 nos
583 4072 685 4122 contra
698 4067 728 4122 iu
739 4083 772 4122 ee
784 4083 943 4140 perserpe-

118 4156 208 4212 ralem
223 4157 288 4228 ejus
304 4155 497 4222 nativitatem,
515 4159 543 4210 et
558 4154 606 4210 ille
618 4172 735 4211 rursum
752 4155 781 4209 in
797 4155 881 4210 nobis
892 4173 943 4226 per

117 4249 368 4304 sacramentorum
381 4245 476 4300 inesse
488 4243 660 4316 mysterium
671 4245 845 4312 crederetur,
856 4260 889 4299 ac
900 4243 942 4300 sie

117 4334 244 4409 perlecta
257 4349 310 4406 per
324 4333 514 4389 mediatorem
530 4332 628 4388 unitas
644 4333 878 4401 doceretur,eum
891 4349 941 4389 no-

117 4423 207 4481 bisin
224 4439 255 4480 se
271 4422 458 4478 manentibus
473 4421 536 4495 ipse
551 4424 682 4477 maneret
700 4420 730 4476 in
757 4422 850 4490 Putre,
867 4425 896 4477 et
910 4421 941 4477 in

996 3274 1099 3331 Jcsum
1114 3273 1274 3340 Christum,
1288 3277 1320 3327 ut
1332 3273 1419 3330 lesus
1431 3290 1488 3328 non
1500 3272 1562 3345 ipse
1572 3273 1612 3329 sit
1621 3273 1825 3344 Christus,nec

998 3361 1103 3417 Filium
1120 3358 1247 3416 hominis
1263 3359 1403 3416 discernit
1418 3378 1435 3416 a
1450 3360 1499 3417 Dei
1517 3359 1599 3431 Filio,
1612 3377 1648 3418 ne
1663 3360 1759 3420 Filius
1772 3360 1823 3420 Dei

997 3449 1070 3505 torte
1086 3464 1142 3503 non
1166 3452 1195 3502 et
1219 3446 1309 3503 Filius
1334 3447 1464 3505 hominis
1488 3447 1678 3522 intelligatur.
1696 3450 1760 3510 Non
1775 3467 1823 3510 es·

997 3536 1089 3593 sumit
1105 3535 1211 3593 Filium
1235 3536 1286 3592 Dei
1310 3537 1340 3591 in
1366 3536 1472 3593 Filium
1496 3536 1635 3608 hominis,
1652 3554 1750 3613 neque
1771 3540 1824 3598 trt-

997 3626 1103 3699 pertita
1118 3625 1266 3681 Christum
1282 3626 1338 3682 fide
1352 3625 1469 3695 scindit,
1487 3628 1572 3698 eujus
1594 3628 1824 3701 desupertexta

996 3715 1086 3772 vestis
1105 3703 1240 3770 'inscissa
1268 3718 1322 3783 est,
1350 3719 1382 3771 ut
1412 3715 1513 3773 lesum
1541 3716 1705 3787 Christum,
1733 3723 1765 3776 et
1793 3718 1824 3776 in

996 3803 1134 3872 Verbum,
1151 3807 1180 3859 et
1194 3803 1223 3857 in
1238 3803 1378 3872 animam,
1391 3809 1420 3860 et
1435 3805 1465 3860 in
1481 3822 1587 3878 eorpus
1603 3804 1764 3875 inscindat,
1775 3824 1826 3867 ue·

996 3910 1053 3965 quc
1067 3910 1184 3948 rursum
1201 3894 1292 3949 Deum
1315 3893 1444 3950 Verbum
1469 3893 1499 3948 in
1525 3892 1654 3951 animam
1674 3900 1704 3952 et
1717 3912 1826 3971 corpus

997 3985 1139 4038 assumat.
1157 3982 1263 4037 Totum
1288 3982 1313 4035 ei
1339 3983 1416 4037 Deus
1447 3980 1574 4038 Verbum
1599 3987 1653 4052 est,
1676 3987 1773 4041 tetum
1796 3986 1827 4043 et

997 4069 1083 4125 horne
1099 4069 1243 4125 Christus.
1261 4070 1401 4126 ltetincus
1416 4069 1471 4126 hoc
1492 4071 1520 4126 in
1547 4075 1730 4129 sacramente
1754 4089 1826 4130 cen·

997 4157 1132 4215 fessionis
1147 4176 1206 4214 sum
1229 4176 1332 4227 unum,
1350 4176 1402 4216 nec
1425 4159 1575 4215 Christum
1600 4159 1681 4217 aliud
1706 4161 1826 4220 credere

997 4249 1368 4320 quamlcsun1,neclesum
1380 4246 1458 4304 aliud
1471 4250 1629 4322 praedicare
1645 4267 1736 4324 quam
1746 4250 1827 4309 Chri·

997 4342 1086 4393 stum.
1102 4337 1165 4392 Non
1177 4336 1279 4409 ignoro
1295 4341 1393 4392 autom
1408 4336 1438 4391 in
1459 4341 1603 4410 quantum
1626 4339 1766 4397 humana
1779 4340 1824 4398 iu·

997 4424 1162 4498 telligentia
1178 4424 1380 4480 infirmitatem
1395 4424 1614 4498 magnificentia
1624 4429 1824 4501 mysteriicoe·

117 4513 200 4568 Patre
216 4527 338 4568 manens
355 4515 486 4566 maneret
497 4510 527 4565 in
543 4509 637 4566 nobis.
654 4510 688 4565 Et
702 4507 743 4565 ita
753 4510 788 4565 ad
800 4511 940 4608 unitatem
956 4513 1077 4605 Detestis
1096 4513 1237 4588 impediat
1251 4514 1299 4585 (2).
1316 4513 1354 4569 Ut
1376 4513 1437 4570 hac
1462 4531 1519 4570 non
1546 4514 1630 4572 facile
1652 4519 1705 4572 aut
1729 4514 1825 4575 verbis

116 4600 211 4657 Patris
226 4599 444 4674 proficeremus,
461 4614 529 4654 cum
545 4597 596 4671 qui
610 4599 640 4654 in
651 4614 684 4654 co
695 4599 858 4655 secundum
871 4602 942 4653 natr-

115 4690 236 4746 vitatcm
253 4688 340 4756 inest,
358 4704 410 4744 nos
426 4704 543 4760 quoque
558 4688 588 4742 in
599 4704 632 4743 eo
644 4686 818 4743 naturaliter
829 4686 940 4743 inesse-

117 4795 194 4847 mus,
211 4776 319 4851 ipsein
335 4777 419 4834 nobis
440 4776 614 4833 naturaliter
634 4779 831 4849 permanente.
849 4778 941 4843 Quam

116 4871 215 4924 autern
231 4865 374 4923 naturalis
385 4865 414 4920 in
427 4865 511 4922 nobis
521 4865 620 4921 unitas
630 4864 679 4932 sit,
692 4864 755 4937 ipse
766 4863 805 4920 ita
815 4867 941 4921 testatus

117 4960 184 5012 est:
203 4955 256 5022 Qui
272 4953 333 5011 edit
354 4971 472 5011 carnem
499 4971 594 5010 meam
619 4958 648 5009 et
669 4947 746 5009 bibit
767 4953 941 5026 sanguinem

117 5061 227 5112 meum,
246 5044 273 5098 iu
288 5061 335 5099 mo
353 5047 459 5111 manet,
471 5048 563 5117 elego
575 5043 604 5098 in
616 5043 728 5098 eo.Non
740 5042 817 5098 enim
829 5042 896 5115 quis
911 5042 941 5097 iu

117 5133 230 5202 err-erit,
246 5131 303 5187 nisi
318 5131 346 5186 in
365 5150 422 5204 quo
437 5131 499 5204 ipse
514 5131 612 5198 scierit,
625 5132 689 5203 ejus
701 5135 815 5186 tentum
827 5131 889 5203 ipse
899 5148 943 5186 as-

118 5226 266 5292 sumptam
281 5220 392 5275 lrabens
403 5237 532 5285 earnem,
545 5219 593 5293 qui
607 5237 690 5275 suam
702 5219 941 5292 sumpseritl‘er·

118 5310 190 5365 lecte
204 5311 303 5364 autem
316 5308 405 5380 bujus
419 5310 540 5365 unitatis
565 5313 783 5365 sacramentum
807 5308 943 5382 superius

114 5399 177 5468 jem
190 5397 330 5453 decuerat
344 5396 445 5452 dicens
463 5413 469 5451 :
486 5397 569 5453 Sicut
585 5397 666 5454 misit
681 5415 727 5454 me
743 5398 825 5454 vivus
848 5398 940 5465 Pater,

119 5489 147 5540 et
175 5502 227 5556 ego
255 5484 318 5541 vivo
348 5502 399 5558 per
428 5484 556 5554 Patrem,
586 5491 615 5541 et
643 5486 692 5558 qui
722 5486 942 5543 manducaverit

153 5572 192 5645 (2)
207 5570 279 5628 Vide
294 5574 324 5630 S.
338 5573 427 5634 llilar.
443 5573 493 5629 lib.
511 5590 552 5641 ru,
570 5574 604 5630 de
620 5575 701 5631 Tria.

996 4602 1158 4670 enuntiare,
1168 4608 1219 4657 aut
1231 4601 1394 4674 dijudicare
1405 4619 1504 4670 sensu,
1513 4603 1660 4660 autetiam
1669 4602 1827 4678 complecti

996 4696 1093 4748 mente
1108 4691 1266 4763 possimus.
1281 4690 1436 4747 AEteruitas
1457 4689 1552 4746 Patris
1566 4691 1675 4759 locum,
1692 4696 1825 4768 tempus,

996 4778 1310 4853 speciem,etquicquid
1321 4778 1391 4835 illud
1401 4779 1531 4836 humane
1542 4796 1633 4836 sensu
1646 4780 1764 4854 concipi
1772 4796 1825 4856 pn·

996 4868 1072 4935 terit,
1091 4867 1212 4923 excedit.
1230 4867 1295 4940 lpse
1310 4870 1391 4923 extra
1403 4866 1512 4937 emnia,
1529 4871 1558 4924 et
1574 4868 1604 4924 in
1620 4869 1826 4941 omnibusn-

996 4957 1079 5030 piens
1096 4957 1240 5023 universa,
1257 4960 1285 5013 et
1300 4955 1826 5029 capiendusanemine.Noueccessn

996 5047 1153 5102 decessuro
1167 5045 1332 5111 mutabilis,
1348 5045 1398 5101 sed
1414 5044 1578 5114 invisibilis,
1596 5044 1827 5120 incompreheu-

998 5134 1104 5201 sibilis,
1120 5133 1234 5207 plenus,
1246 5135 1546 5206 perlectusaternus,
1555 5152 1611 5190 nen
1623 5135 1745 5192 aliunde
1753 5136 1825 5210 quid

997 5241 1129 5290 sumens,
1147 5223 1197 5278 sed
1211 5225 1247 5278 ad
1264 5223 1291 5278 id
1309 5223 1386 5295 quod
1403 5223 1443 5278 ita
1456 5229 1564 5293 nannet,
1581 5223 1637 5280 sibi
1658 5224 1723 5297 ipse
1738 5225 1825 5282 suill-

997 5314 1087 5370 ciens.
1105 5312 1156 5367 Hic
1169 5328 1237 5385 ergo
1253 5311 1401 5385 ingenitus
1416 5317 1483 5367 ante
1498 5328 1585 5368 omne
1608 5318 1728 5386 tempus
1743 5328 1825 5371 exse

998 5401 1102 5459 Filium
1115 5401 1234 5473 genuit3
1251 5418 1309 5456 non
1323 5417 1357 5456 cx
1375 5399 1474 5473 aliqua
1494 5401 1665 5474 subiacente
1688 5402 1824 5474 materia,

997 5491 1133 5562 quia-per
1149 5489 1255 5546 Filium
1280 5489 1396 5557 omnia3
1413 5506 1472 5545 non
1491 5506 1525 5545 ex
1540 5488 1642 5560 nihilo,
1658 5491 1729 5563 quia
1744 5507 1780 5549 ex
1793 5506 1826 5550 ec
