3900 6090
73 244 134 307 437
874 242 980 310 vira,
1717 249 1777 316 435

71 376 182 435 mulier
191 380 247 453 (39)
263 379 383 450 exaitat;
396 381 480 438 ambo
493 381 628 438 exsilium
645 382 795 439 Dunstanc
807 381 898 437 inten·
910 378 939 447 A
953 397 1005 440 sus
1021 383 1145 457 impium
1170 403 1266 460 regem
1283 386 1429 445 lldwium.
1446 387 1500 457 eui
1516 403 1628 455 omnes,
1645 386 1729 458 quasi
1746 385 1776 440 in

69 470 189 525 tunt.Et
200 471 294 542 primo
309 471 437 542 (paridem,
452 477 571 543 urgente
583 473 659 544 regis
674 471 779 538 edicto,
795 488 897 526 omnes
953 488 1046 528 arnum
1063 475 1211 531 hominem
1229 476 1433 545 translati,non
1445 479 1531 533 modo
1543 493 1665 548 regnum
1683 475 1776 546 ipsius

69 559 240 614 monasticae
257 559 405 632 religionis
416 560 544 616 ecclesiae
555 560 616 616 suis
633 561 720 615 rebus
736 560 898 632 spoliaban-
951 561 1196 632 abjicere,verum
1212 566 1299 621 etiam
1315 566 1412 638 ipsum
1428 585 1516 639 regno
1530 565 1672 639 expellere
1683 562 1776 618 moliti

68 651 128 715 tur,
146 652 187 713 ut,
205 665 269 720 qua>
293 649 443 721 praecipuae
469 666 585 720 semper
608 649 668 704 viro
684 649 763 705 fuere
780 649 895 715 latitia,
951 655 1031 719 sunt,
1049 656 1200 725 propterea
1215 656 1291 726 quod
1308 655 1336 710 in
1357 655 1514 711 commisso
1540 654 1680 725 regimine
1706 652 1775 706 insi-

67 754 147 792 nune
166 736 260 792 eidem
277 754 365 808 quam
386 738 513 792 maximo
530 738 631 793 fierent
645 737 771 793 moerori.
787 737 896 793 Deinde
951 740 1064 812 pionter
1079 742 1197 814 egisset,
1215 744 1362 815 sapientes
1376 746 1565 817 disperderet,
1578 744 1695 814 ignaros
1706 740 1774 797 boni

65 841 135 880 cum
147 831 265 880 ventum
282 825 384 880 fuisset
396 825 589 894 Glastoniam‚
601 830 629 880 et
640 826 794 898 descriptis
805 825 896 882 omni·
950 827 1012 884 suis
1023 830 1154 885 consiliis
1171 832 1480 904 adscisceretprorsus
1496 833 1616 887 libidine
1633 837 1719 902 atque
1732 848 1775 884 ar·

65 913 124 968 bus
135 913 197 986 ipse
212 913 394 985 proscriptus
411 914 524 981 fuisset,
542 914 618 969 inter
633 913 777 987 lacrymas
794 931 894 969 mona·
950 918 1084 989 rogantia
1108 936 1236 990 praeceps
1265 920 1367 975 alairet.
1385 922 1481 977 Coacti
1498 923 1595 989 itaquo
1612 919 1639 973 in
1656 920 1774 974 turbam

65 1002 190 1058 chorum
206 1003 270 1073 ejus
286 1019 375 1058 manu
407 1004 596 1071 nutritorum,
614 1003 689 1059 inter
704 1003 833 1058 lamenta
847 1020 893 1058 ve·
949 1022 1046 1078 regem
1062 1024 1128 1062 cum
1146 1007 1277 1063 adultera
1294 1007 1505 1081 fugitalentem,
1523 1013 1609 1079 atque
1636 1008 1664 1060 in
1688 1005 1774 1061 inviis

66 1092 212 1147 aientium
228 1093 264 1147 ad
280 1109 311 1147 se
326 1108 360 1147 ex
375 1092 513 1148 omnibns
538 1091 609 1148 locis
631 1092 803 1157 amicornm,
819 1092 895 1148 inter
948 1112 1012 1151 sese
1027 1095 1220 1152 occultantem
1236 1097 1328 1152 armis
1344 1097 1477 1168 persequi
1495 1114 1551 1150 noa
1568 1095 1721 1151 desistunt.
1740 1095 1774 1149 Et

64 1180 194 1254 gemitus
205 1181 529 1252 pauperum,consuetis
541 1181 694 1252 stipendiis
703 1197 753 1251 per
762 1180 893 1253 singulos
948 1183 1043 1256 ipsam
1059 1185 1177 1257 quidem
1190 1187 1275 1258 juxta
1286 1185 1439 1241 Claudium
1451 1187 1509 1254 (41)
1519 1185 1664 1239 civitatem
1681 1200 1775 1255 repea-

65 1270 174 1326 diesab
186 1269 235 1325 illo
246 1269 894 1341 recreatorumeuditaestinatriotemplivox
948 1278 1008 1329 tam
1023 1273 1245 1330 subnervavere.
1262 1274 1371 1329 Deinde
1394 1292 1451 1346 qua
1467 1275 1556 1346 digna
1573 1274 1666 1327 fuerat
1681 1276 1773 1326 morte

64 1359 235 1432 plaudentis
245 1358 451 1430 diaboli,quasi
462 1377 515 1414 vox
521 1357 685 1429 juvencula
697 1358 893 1431 acriteratquc
948 1361 1116 1419 multavere.
1132 1363 1219 1418 Porro
1231 1379 1329 1435 regem
1340 1380 1391 1436 per
1406 1362 1520 1418 (liversa
1534 1362 1662 1416 locorum
1680 1376 1772 1416 seme-

64 1447 180 1503 minute
209 1447 424 1503 cachinnantis.
442 1450 533 1512 Quem
549 1453 669 1502 sanctus
685 1463 784 1502 severa
799 1447 893 1502 fronte
947 1455 993 1506 tra
1008 1451 1172 1507 deviantem
1189 1451 1266 1507 ultra
1289 1452 1399 1508 flamen
1414 1451 1578 1507 ‘famisiam
1595 1448 1770 1522 compulere.

62 1536 242 1610 suspiciens,
253 1536 341 1602 Nihil,
359 1535 408 1604 ait,
426 1553 515 1609 snper
529 1534 629 1591 exsilio
645 1551 710 1590 meo
725 1534 890 1607 gratuleris,
947 1538 1056 1596 Deinde
1071 1542 1163 1596 accito
1191 1543 1279 1597 fratre
1308 1540 1387 1596 illius
1417 1541 1533 1613 optima
1558 1539 1664 1595 indolis
1680 1538 1773 1593 artola-

61 1625 204 1698 qnoniam
220 1624 288 1698 plus
303 1631 348 1681 est
367 1625 444 1697 quod
461 1641 507 1679 me
523 1625 661 1679 redeunte
677 1623 785 1692 doleas,
802 1640 890 1697 quam
946 1628 1541 1701 scente,nominoE‹·lgaro,quemfuturum
1554 1644 1651 1700 regem
1663 1627 1769 1682 coelesti

60 1713 208 1786 quidquid
220 1730 266 1769 me
277 1711 767 1785 exsulantelastarivaleaslldquod
779 1711 890 1767 dictum
906 1744 931 1813 B
946 1717 1094 1790 quondam
1118 1717 1235 1773 oraculo
1261 1717 1447 1791 designatum
1468 1717 1558 1773 fuisse
1573 1716 1770 1789 prediximus,

61 1802 165 1875 pallidi
180 1803 261 1876 regni
277 1801 405 1874 pallidus
416 1800 550 1857 minister
565 1799 891 1857 abscessitllunstanus
945 1804 1017 1861 dum
1033 1822 1135 1878 pacem
1151 1806 1291 1879 regnique
1302 1806 1426 1862 salutem
1436 1805 1498 1861 suis
1508 1804 1692 1860 acDunstani
1702 1809 1772 1859 tem-

60 1896 227 1948 autemnon
237 1891 393 1947 immemor
405 1891 474 1963 quid
486 1889 543 1946 sihi
554 1888 746 1945 divinusolim
760 1889 891 1945 citharoe-
945 1894 1065 1966 poribus
1082 1893 1176 1967 angeli
1193 1895 1392 1967 predicarent,
1407 1897 1542 1949 statuunt
1565 1892 1647 1946 illum
1673 1909 1769 1962 regem

59 1982 117 2037 dus
125 1981 384 2055 precinuerit,imo
394 1978 551 2035 Dominice
559 1977 888 2050 memorpromissionis,

59 2087 120 2144 qua
135 2070 239 2127 beatos
254 2071 313 2126 fore
327 2069 376 2141 qui
393 2085 444 2142 pro
455 2067 573 2139 justitia
592 2067 822 2140 persecutionem
838 2084 889 2139 pa-

59 2159 179 2216 tiuntur
191 2157 295 2228 (datm.
311 2175 338 2212 v.
355 2158 400 2225 10)
414 2155 549 2212 Christus
569 2153 705 2223 asseruit,
722 2154 844 2210 murinis
858 2171 890 2210 se

60 2247 202 2304 fluetibus
218 2246 500 2314 tradit,contrarium
515 2243 598 2300 littus
613 2243 642 2299 in
657 2247 742 2315 gente
758 2243 889 2299 flandri-

58 2340 160 2392 tarum
177 2336 323 2409 attingens
338 2334 387 2389 ubi
403 2333 543 2389 eminenti
558 2348 655 2388 coram
667 2331 797 2404 principe
808 2335 889 2386 terrae

60 2424 132 2481 illus
145 2424 241 2499 gratia
256 2425 383 2491 iuventa,
401 2422 539 2478 manebat
552 2420 582 2476 in
598 2421 775 2476 monasterio
795 2419 889 2476 sancti

61 2514 137 2571 Petri
154 2514 232 2587 quod
244 2514 333 2570 situm
345 2516 391 2567 est
404 2510 544 2577 Gandavi,
562 2513 713 2582 propterea
722 2510 799 2581 quod
815 2508 888 2565 illud

60 2603 175 2659 ceteris
187 2601 266 2657 illius
278 2599 404 2672 regionis
415 2597 601 2655 monasteriis
612 2603 641 2654 et
650 2598 828 2671 professione
836 2598 889 2653 vir

60 2692 177 2760 tutis,et
187 2688 376 2764 philosophiae
387 2687 571 2744 documentis
579 2686 717 2743 excellere
726 2686 887 2743 videbatur.

61 2780 119 2837 Nec
133 2785 232 2836 tauma
249 2782 345 2835 cessat
358 2795 465 2834 vesana
480 2775 604 2831 furentis
614 2775 745 2831 mulieris
761 2775 888 2848 insania,

60 2886 125 2942 qaae
140 2868 279 2925 omnibus
296 2867 357 2940 qui,
374 2867 470 2922 virum
494 2865 544 2921 Dei
570 2870 700 2937 tempore
719 2881 778 2920 suu
795 2880 887 2921 reces-

60 2958 154 3016 sionis
179 2957 306 3030 hospitio
330 2958 469 3021 foverant,
489 2953 688 3028 perscrutatis,
706 2950 887 3025 proscriptis,

60 3048 221 3115 damnatis,
238 3044 332 3119 ipsius
346 3061 462 3118 quoque
477 3042 569 3099 oculis
591 3041 728 3099 eruendis
743 3042 888 3115 malignos

60 3137 275 3194 hansmitteret
297 3134 460 3190 ministros.
476 3131 595 3199 Verum,
612 3132 770 3187 miserante
789 3107 924 3186 divinaC

60 3221 582 3297 clementiacujusnunquamauxilio
592 3218 887 3287 destituebatur,ante

61 3316 145 3372 illum
157 3314 252 3372 Gallia
262 3317 538 3385 susceperat‚quam
554 3325 703 3382 equoreos
716 3309 789 3364 servi
804 3309 886 3365 deza-

61 3404 134 3462 belis
145 3406 255 3460 fluctus
265 3397 668 3474 attigissentllxsulatitaque
677 3401 796 3453 sanctus
807 3397 888 3453 nulla

60 3493 154 3551 exsilii
166 3490 349 3566 pergratiam
365 3490 414 3546 Dei
431 3490 541 3544 damna
555 3486 721 3559 deplorans,
738 3487 808 3542 dum
824 3487 887 3543 suis

60 3583 175 3639 meritis
193 3581 236 3637 ita
249 3579 306 3636 sibi
330 3596 432 3635 omnes
452 3575 620 3642 devinciret,
636 3579 669 3629 ut
683 3574 807 3647 patriam
823 3592 888 3632 esse

60 3670 196 3729 exsilium
213 3672 338 3743 putaret.
353 3669 448 3739 Super
471 3666 533 3721 heac
557 3664 640 3719 illum
662 3664 747 3719 amici
763 3663 887 3735 apostoli

59 3757 223 3817 consolatio
239 3756 376 3829 fovet,qui
388 3754 498 3811 nullius
510 3754 551 3809 rei
567 3769 654 3824 quam
666 3753 727 3824 ipse
742 3755 888 3823 expeteret

60 3866 125 3905 eum
141 3846 276 3920 indigere
290 3845 425 3918 permisit
439 3846 506 3913 (40).

201 3935 294 3990 aerato
310 3951 371 4005 repe
385 3932 626 4005 superaddamus
642 3941 744 4001 repeat.

93 4029 138 4083 28.
157 4024 330 4097 Respiciens
351 4040 419 4095 ergo
435 4021 542 4078 Christi
558 4020 715 4076 clementia
728 4021 889 4094 Anglorum

62 4114 203 4188 populum
219 4115 301 4168 tanto
311 4116 435 4184 patrono
448 4108 793 4173 destitutum,suecitavit
803 4111 891 4166 corda

62 4205 191 4259 virorum
205 4201 243 4257 ab
259 4200 387 4256 llumbre
403 4199 490 4271 fluvio
507 4214 602 4270 usque
617 4197 654 4253 ad
669 4197 778 4253 flumen
793 4199 890 4255 'fami-

64 4293 150 4360 sium,
159 4307 251 4363 supra
261 4289 338 4362 quod
352 4289 423 4344 urbs
435 4284 588 4343 Lundouia
604 4289 649 4341 est
660 4285 895 4372 fundataedver·

945 2000 1033 2056 super
1048 1999 1149 2039 omues
1164 1981 1327 2056 provincias
1341 1983 1378 2038 ab
1394 1982 1522 2038 llumbre
1535 1997 1640 2053 magno
1650 1980 1770 2037 ssaniine

944 2088 1038 2144 usque
1047 2072 1083 2127 ad
1092 2071 1202 2127 flumen
1211 2069 1374 2126 'famisium
1387 2088 1394 2137 ;
1407 2087 1464 2142 quo
1479 2069 1599 2125 liunrine
1616 2069 1769 2125 amborum

944 2177 1067 2233 regnum
1083 2158 1253 2216 abinvicem
1269 2159 1472 2215 dirimebatur.
1490 2159 1533 2214 lta
1549 2175 1682 2229 ragnum,
1693 2159 1768 2230 quod

944 2267 1036 2305 unum
1053 2251 1156 2316 fuerat,
1173 2248 1203 2303 in
1219 2249 1293 2305 duos
1317 2264 1400 2320 reges
1422 2247 1548 2303 divisum
1564 2246 1701 2316 gravibus
1717 2246 1769 2302 ali·

943 2339 1115 2411 quantisper
1129 2337 1314 2393 conflictibus
1338 2336 1481 2393 bellorum
1498 2337 1631 2401 sudabat,
1650 2335 1769 2406 impleta

942 2431 1012 2483 tunc
1027 2426 1154 2482 veridica
1177 2425 1227 2481 illa
1249 2425 1408 2481 Salvatoris
1432 2425 1661 2495 sententiaque
1683 2440 1769 2480 ouinc

943 2532 1066 2589 regnum
1082 2515 1110 2569 in
1127 2532 1158 2571 se
1174 2515 1270 2586 ipsum
1288 2514 1414 2569 divisum
1428 2512 1533 2568 asserit
1545 2512 1766 2576 (festinandum,

943 2610 972 2661 et
982 2606 1102 2661 domum
1114 2621 1202 2675 super
1211 2604 1332 2658 domum
1344 2619 1407 2658 esso
1422 2619 1558 2656 casuram
1569 2602 1644 2667 (laec.
1660 2618 1699 2666 ιιι,
1712 2601 1767 2667 17).

942 2695 1076 2766 lidgarus
1091 2692 1220 2765 quotidie
1239 2695 1302 2747 erat
1317 2691 1481 2762 proficiens,
1499 2695 1531 2744 ut
1545 2689 1646 2756 David,
1663 2689 1768 2758 pietate

943 2800 976 2839 ac
992 2781 1311 2852 fortitudine‚atque,ut
1325 2779 1473 2842 Salomon,
1489 2777 1642 2848 sapientia,
1659 2775 1768 2830 divitiis

942 2877 972 2927 et
985 2870 1088 2944 gloria,
1106 2870 1211 2925 domus
1225 2872 1323 2924 autem
1339 2867 1422 2922 Edwi
1448 2867 1476 2921 in
1501 2866 1564 2922 dies
1590 2865 1766 2931 decrescere,

943 2978 1010 3016 cum
1027 2958 1134 3033 ipsein
1150 2956 1269 3031 flagitiis
1283 2972 1414 3012 crescere
1430 2972 1487 3011 non
1504 2953 1649 3011 desiverit.

942 3068 1098 3123 damianus
1122 3065 1156 3120 ct
1180 3065 1279 3121 attilio
1304 3070 1454 3119 reuocetur.
1473 3062 1666 3132 ll'tpornieuis
1688 3059 1769 3114 eccle·

977 3140 1026 3267 qiua
1049 3140 1189 3220 episcopas
1221 3135 1366 3191 ordinetur
1389 3133 1439 3189 sab
1468 3134 1546 3189 titulo
1570 3132 1766 3202 archicpiscopi

997 3218 1192 3266 aestuaremus.

975 3310 1019 3364 29.
1038 3308 1106 3362 Post
1122 3322 1231 3378 paucos
1246 3309 1344 3359 autom
1361 3301 1510 3360 electionis
1520 3320 1578 3356 suae
1590 3301 1652 3357 dies
1665 3317 1768 3373 prece·

942 3398 984 3470 pit
994 3397 1126 3469 Edgarus
1137 3394 1257 3449 diarcha
1267 3393 1358 3448 totius
1372 3392 1451 3464 regni
1465 3392 1508 3446 sni
1526 3390 1680 3449 concilium
1698 3389 1768 3444 cele-

941 3485 1030 3551 brari,
1042 3483 1072 3539 iu
1084 3501 1141 3556 quo
1153 3480 1323 3537 annihilatis
1339 3480 1476 3535 omnibus
1492 3497 1554 3550 quaa
1570 3497 1587 3533 a
1602 3479 1689 3533 fratre
1704 3478 1769 3549 ejus

942 3574 1053 3646 iniquis
1067 3572 1183 3627 fererant
1195 3570 1309 3642 legibus
1326 3570 1450 3634 decreta,
1468 3585 1501 3622 ac
1517 3567 1660 3621 restitutis
1674 3567 1768 3621 omni·

942 3665 998 3720 hus
1014 3678 1078 3733 quau
1093 3658 1219 3714 violenta
1235 3658 1315 3712 iilius
1330 3658 1446 3712 fuerant
1460 3655 1646 3711 damnatione
1662 3654 1767 3719 ablata,

943 3752 1127 3808 Dunstanum
1144 3763 1260 3819 quoque
1275 3744 1471 3800 venerabilem
1482 3744 1617 3798 abbatem
1627 3742 1770 3812 inmagna

943 3839 1036 3916 gloria
1046 3839 1082 3894 de
1092 3837 1194 3893 exsilio
1210 3833 1352 3890 revocavit
1367 3834 1435 3900 (42),
1447 3836 1476 3887 ei
1491 3832 1611 3902 majore,
1628 3846 1716 3902 quam
1732 3830 1768 3884 ah

944 3927 1082 3986 omnibus
1098 3929 1164 3981 ante
1175 3923 1293 3996 regibus
1303 3921 1464 3977 honoratus
1476 3920 1589 3986 fuisset,
1609 3917 1693 3989 gloria
1704 3918 1770 3972 sub-

944 4016 1065 4074 limavit.
1078 4015 1129 4070 Cui
1145 4013 1244 4080 etium,
1258 4015 1291 4066 ut
1309 4007 1474 4082 pontificale
1490 4009 1578 4063 alecus
1598 4007 1768 4078 susciperet,

944 4104 1107 4163 vehementi
1122 4101 1259 4175 petitione
1275 4097 1425 4154 imminuit
1437 4115 1444 4163 ;
1457 4113 1509 4151 nec
1525 4100 1591 4151 anto
1607 4114 1624 4149 a
1636 4095 1770 4167 precibus

947 4195 1094 4270 quiescere
1109 4190 1201 4247 voluit
1215 4205 1304 4261 quam
1320 4185 1581 4241 illumasententia
1596 4183 1632 4238 od
1649 4200 1769 4238 consen-

918 4339 920 4342 .
946 4283 1078 4340 tiendum
1094 4278 1264 4343 retraheret,
1280 4281 1308 4332 et
1331 4273 1458 4330 ecclesie
1481 4270 1690 4345 Wigorniensi,
1707 4288 1770 4343 qua

66 4407 191 4482 quilibet
204 4421 240 4462 ex
253 4404 335 4460 vobis
349 4404 384 4460 ad
403 4403 587 4458 educendum
599 4416 731 4472 regem...
747 4403 789 4457 ad
805 4407 895 4462 extro·
946 4414 1014 4456 vero
1028 4397 1064 4452 de
1078 4392 1224 4450 Dunstani
1238 4389 1420 4446 ordinatione
1435 4388 1582 4454 subditur,
1594 4386 1696 4441 eodem
1712 4384 1770 4439 fere

68 4495 148 4535 mum
158 4493 228 4533 vero
245 4475 396 4549 elegerunt
410 4474 494 4540 duos,
506 4473 892 4545 quosanimoconstantissi-
906 4477 931 4546 1)
947 4470 1032 4527 modo
1047 4466 1154 4549 legitur
1168 4479 1258 4535 supra
1268 4462 1297 4516 iu
1308 4460 1375 4516 Vita
1389 4462 1419 4516 S.
1436 4459 1544 4515 Odonis
1559 4455 1769 4528 archiepiscopi

10 4572 12 4603 ι
68 4567 129 4607 mos
139 4551 293 4615 noverunt,
309 4548 493 4603 Dunstanum
510 4543 621 4600 scilicet
635 4544 784 4611 abbatom,
800 4549 829 4600 et
843 4550 892 4628 Cy·

69 4622 198 4678 nauium
212 4619 382 4691 episcopum
398 4618 529 4690 ejusdem
554 4615 698 4670 Dunstuni
714 4631 889 4690 consangui-

69 4709 164 4750 neum.
179 4713 194 4741 ιι
211 4689 353 4747 Osbe'rtus
368 4690 532 4744 flinsvinam
545 4690 638 4743 vocat.

99 4763 157 4834 (39)
168 4763 206 4819 Β;
219 4760 462 4833 «AEthaelyun.Sio
471 4761 534 4814 erat
543 4773 648 4814 nomen
661 4757 889 4830 ignominiosum

70 4833 210 4892 mulieris.
228 4853 243 4883 ι
259 4831 454 4904 chronologia
468 4829 610 4886 saxonica
624 4829 678 4884 hoc
692 4827 835 4886 Dunstani
847 4848 892 4887 ex·

69 4907 163 4963 silium
180 4905 269 4961 refert
282 4904 319 4959 ad
334 4919 446 4958 annum
460 4902 524 4957 955.

98 4980 155 5047 (10)
172 4977 206 5032 Β.
223 4974 305 5030 addit
320 4975 465 5046 quosdam
494 4975 693 5044 persecutores
718 4970 829 5027 frustra
842 4987 890 5026 co-

71 5056 148 5105 natos
162 5064 234 5104 eum
250 5046 370 5102 avellere
386 5063 403 5100 a
418 5042 700 5113 monasterio,idque
711 5041 771 5096 viso
783 5041 892 5122 signifi·

71 5126 162 5176 mlum
191 5118 353 5173 Dunstano.
384 5117 524 5171 liebertus
552 5131 613 5169 rem
642 5112 777 5184 explicat,
794 5119 892 5183 aitque

70 5191 155 5248 fuisse
165 5188 312 5262 quosdam
324 5205 339 5243 e
352 5187 490 5243 fratribus
500 5183 891 5308 Glestorriensihusquieum

70 5263 102 5318 ab
115 5263 206 5319 istius
222 5260 345 5316 coenobii
370 5257 536 5331 praelatione
563 5257 707 5328 deponere
737 5272 769 5309 vo
783 5254 890 5322 ebant;

71 5335 141 5407 quod
156 5334 237 5389 Deus
252 5330 372 5387 averteri
377 5335 398 5385 t.

70 5408 156 5533 vupil)
174 5403 309 5469 Oshcrto,
326 5426 340 5453 ιι
348 5403 434 5474 juxta
448 5400 594 5455 civitatem
613 5395 860 5462 Glavornienscm,
877 5419 890 5447 a

100 5554 109 5619 (

110 5494 150 5606 gp
167 5476 312 5532 Glocceter.

128 5553 157 5618 ·)
173 5547 247 5604 Nem
270 5563 287 5601 e
309 5562 386 5601 anuo
400 5545 453 5599 957
469 5561 502 5599 ex
527 5538 722 5614 Chronologia
741 5537 893 5605 Saxonica,

69 5637 122 5678 ιιοιι
135 5635 216 5678 ιιιιιιο
231 5617 250 5673 9
289 5660 296 5686 ,
311 5621 344 5675 ut
359 5614 438 5690 apud
454 5612 667 5688 spelmannum
677 5615 706 5669 et
716 5610 799 5668 alios.
812 5611 893 5677 Quod

946 4535 1174 4598 cantuariensis.
1192 4534 1222 4589 ld
1234 4535 1343 4588 tactum
1357 4531 1542 4586 inconvento
1561 4528 1635 4600 epact
1649 4526 1770 4581 Bracho-

942 4611 1005 4686 sord
1013 4628 1047 4666 ex
1058 4609 1089 4665 B.
1097 4607 1146 4664 ubi
1162 4606 1348 4661 Dunstanum
1360 4603 1400 4657 ait
1409 4602 1491 4675 prius
1503 4600 1669 4656 ordinatum
1680 4599 1769 4653 fuisse

943 4684 978 4741 ad
991 4683 1155 4755 episcopam,
1172 4681 1206 4732 ut
1221 4675 1281 4748 regi
1298 4679 1376 4731 esset
1389 4689 1406 4728 a
1421 4671 1551 4729 consiliis
1564 4690 1571 4738 ;
1583 4670 1649 4726 dein
1665 4669 1769 4724 admo·

944 4760 1008 4813 tum
1017 4747 1202 4825 Vigorniensi
1213 4746 1347 4803 Ecclesiae
1359 4749 1474 4800 mortuo
1485 4741 1671 4816 Cynewaldo.
1690 4762 1703 4789 a
1721 4740 1769 4794 Pc-

944 4831 1008 4884 stea
1023 4824 1118 4879 factus
1133 4835 1258 4892 magnus
1273 4815 1449 4889 sapientium
1465 4818 1627 4870 conventus
1639 4812 1667 4866 in
1680 4812 1769 4865 Bran-

945 4895 1111 4962 danford,et
1120 4908 1153 4947 eo
1164 4891 1194 4945 in
1205 4889 1268 4945 loco
1279 4888 1410 4943 omnium
1421 4885 1604 4943 exelectione
1617 4881 1769 4938 ordinatus

945 4974 990 5025 est
1002 4968 1173 5023 Dunstanus
1188 4961 1224 5016 ad
1240 4959 1420 5031 episcopum,
1433 4963 1553 5012 cotenus
1566 4955 1701 5020 niaxime,
1713 4971 1770 5024 quo

946 5039 1035 5112 regali
1047 5031 1205 5108 presentie
1217 5035 1335 5113 propter
1344 5028 1464 5100 provida
1476 5027 1698 5152 ppudentiarurn
1707 5042 1772 5078 sua-

946 5127 1011 5166 rum
1023 5104 1144 5163 consilia
1159 5102 1268 5173 jugiier
1285 5100 1460 5154 adfuisset...
1503 5099 1586 5152 ainde
1602 5101 1701 5168 pastor
1713 5095 1772 5149 Wi-

946 5178 1111 5255 gorniensis
1121 5171 1369 5242 Ecclesiamtpotc
1380 5169 1681 5240 Cp’nevvaldusnnorlc
1694 5184 1770 5220 mor-

946 5252 1051 5308 talium
1062 5262 1208 5317 cursuque
1220 5244 1285 5297 vitae
1302 5240 1468 5312 temporalis
1485 5241 1588 5295 educto
1604 5237 1769 5302 succubuit,

947 5328 976 5380 et
986 5318 1117 5392 suscepit
1131 5319 1235 5372 beatus
1245 5311 1372 5386 pontifex
1383 5312 1552 5366 Dunstanus
1563 5308 1741 5364 constitutus
1754 5324 1772 5361 a

948 5411 1013 5467 rege
1029 5392 1104 5447 hanc
1119 5385 1252 5443 eamdem
1267 5383 1452 5448 ecclesiane»
1465 5388 1519 5437 etc.
1534 5385 1574 5435 lta
1586 5382 1615 5434 b.
1629 5379 1678 5449 qui
1696 5378 1771 5458 regis

947 5465 1073 5523 ataviam
1088 5461 1124 5516 ab
1138 5455 1238 5513 exsilio
1254 5472 1321 5511 cum
1338 5455 1489 5510 Dunstano
1506 5455 1668 5508 revocatam
1689 5449 1769 5504 dicit.

948 5538 988 5595 De
1003 5529 1178 5592 Kenewaldo
1194 5527 1338 5600 superius.
