3900 6090
122 208 181 266 lue
920 214 1023 275 Vlt'A.
1768 225 1827 284 tte

119 337 208 395 istius
222 339 336 412 antiqui
351 342 495 413 reparavit
510 348 537 398 et
552 343 627 399 atria
641 336 752 416 tem'pli,
956 349 984 413 Α
1034 347 1069 403 Et
1085 350 1294 406 benedixerunt
1307 353 1406 407 omnia
1421 353 1508 409 eorda
1525 353 1627 411 Deum.

155 427 301 485 lienibus
314 429 436 486 excelsis
446 430 685 505 culminibusque
700 434 782 488 novis
799 451 805 486 :
1000 436 1142 493 Omnibus
1157 439 1277 511 expletis
1292 443 1411 497 tandem
1426 441 1596 498 selemniter
1609 443 1728 516 hymnis

118 514 254 572 Partibus
269 515 323 573 hoc
336 516 434 573 Austri
451 517 573 575 firmans
586 526 615 576 et
630 521 763 592 partibus
779 522 867 576 Arcti.
1034 527 1112 591 Quos
1127 527 1156 582 in
1173 528 1282 586 honore
1298 528 1348 585 Dei
1363 545 1417 586 vox
1432 531 1531 587 sonuit
1547 531 1657 604 populi,

153 602 316 661 Porticibus
333 605 445 674 solidis,
464 608 593 664 arcubus
608 612 637 664 et
651 609 749 677 variis,
999 612 1206 688 Unusquisque
1221 633 1291 673 suaa
1306 618 1401 674 alacer
1416 620 1562 692 repedavit
1577 620 1613 676 ad
1629 637 1706 690 oras,

117 693 235 750 Addidit
250 698 279 751 et
294 695 393 768 plures
409 696 500 753 sacris
515 696 657 753 altaribus
672 699 758 766 edas,
1035 701 1067 757 la
1083 703 1205 761 Domina
1220 707 1352 778 gaudens
1366 715 1481 780 pectora
1495 712 1524 764 et
1539 725 1587 764 ore
1603 725 1720 765 canens.

152 784 220 848 aas
235 783 361 840 retinent
375 785 499 842 dubium
515 786 626 841 liminis
640 785 805 842 introitum.
997 789 1155 862 Nunquam
1170 796 1253 848 tanta
1267 794 1323 849 tuit
1337 795 1463 868 taliaque
1477 796 1584 852 dicatio
1599 798 1701 869 templi

115 870 256 944 Quisquis
272 875 305 927 ut
320 873 429 946 ignotis
444 874 613 930 deambulat
628 873 703 931 atria
718 874 837 947 plantis,
1032 879 1063 932 ln
1079 883 1139 934 teta
1153 880 1313 954 Anglorum
1329 888 1415 956 gente
1431 888 1546 956 patrata
1562 901 1627 941 reor
1643 902 1650 940 ε

152 959 266 1017 Nesciat
282 962 360 1018 unde
375 967 463 1030 meat,
481 979 573 1036 quove
590 964 692 1036 pedem
708 964 822 1021 referat.
996 964 1095 1031 Qualis
1113 973 1176 1023 erat
1190 969 1297 1024 Wenta
1311 970 1457 1026 celebrata
1471 977 1605 1044 potenter
1620 974 1650 1029 in
1666 976 1747 1043 urbe,

115 1047 201 1104 Omni
217 1054 298 1121 parte
313 1051 389 1107 terea
403 1052 472 1123 quia
487 1052 710 1124 conspiciuntur
725 1058 840 1126 aperta,
1032 1055 1063 1111 ln
1079 1055 1171 1112 sancti
1189 1057 1264 1113 Petri
1279 1059 1409 1114 caenobio
1424 1059 1530 1116 Veteri.

151 1138 209 1194 Nec
223 1142 304 1210 patet
319 1139 380 1195 ulla
396 1139 451 1196 albi
468 1141 574 1197 semita
589 1145 667 1197 certa
680 1141 743 1196 vise.
995 1145 1076 1210 Quod
1092 1144 1169 1201 Deua
1184 1146 1369 1218 omnipotens
1388 1147 1429 1203 sic
1450 1152 1584 1222 protegat
1598 1151 1820 1209 immaculatum

115 1227 177 1283 iiuc
190 1226 319 1301 illucque
334 1244 422 1302 vagos
438 1234 520 1286 alans
536 1230 729 1286 circumducit
743 1230 860 1298 ocellos,
1030 1232 1066 1289 Ut
1077 1234 1148 1306 juge
1163 1233 1300 1307 dignetur
1314 1228 1376 1308 ipse
1391 1237 1523 1293 habitare
1538 1237 1567 1294 in
1584 1255 1617 1295 eo
1632 1256 1638 1294 :

150 1316 244 1372 Attica
258 1316 382 1374 Dadalei
398 1322 473 1375 tecta
487 1322 643 1391 stupetque
660 1318 713 1375 soli
731 1335 737 1373 :
994 1321 1028 1376 ut
1043 1322 1207 1394 cuicunque
1222 1323 1349 1379 humiles
1364 1324 1420 1382 hoc
1435 1325 1642 1399 ingrediuntur
1657 1328 1781 1402 asylum,

112 1404 225 1460 Certior
238 1406 372 1462 adveniat
387 1408 477 1463 donec
496 1406 551 1462 sibi
568 1407 681 1474 ductor,
697 1411 726 1463 et
740 1408 837 1478 ipsum
1028 1409 1180 1465 Exsultent
1195 1411 1285 1482 plena
1301 1411 1458 1486 participas
1472 1414 1572 1470 venie.

148 1495 241 1550 Ducat
257 1495 292 1550 ad
308 1496 428 1551 extremi
443 1495 546 1552 limina
558 1495 706 1553 vestibuli.
994 1497 1044 1554 ilis
1059 1515 1146 1570 super
1161 1499 1289 1555 Antiates
1303 1516 1385 1556 sacro
1401 1501 1560 1574 spiramine
1575 1504 1680 1576 plenus

110 1583 163 1639 llic
178 1600 278 1639 secum
295 1585 407 1641 mirans
422 1602 508 1641 cruce
523 1602 554 1640 se
569 1584 737 1658 consignat,
754 1591 782 1642 et
797 1586 875 1641 unde
1027 1587 1169 1643 Adhibuit
1183 1588 1307 1645 Domino
1324 1589 1451 1662 plurima
1465 1595 1531 1648 vota
1547 1609 1612 1649 auo.

145 1674 243 1740 Exeat,
260 1672 384 1730 attonito
399 1678 516 1745 pectere
532 1673 606 1730 scire
622 1673 735 1745 nequit.
992 1675 1064 1730 Nam
1081 1675 1239 1733 fundamen
1256 1695 1345 1735 ovans
1360 1696 1377 1735 a
1392 1680 1511 1735 cardina
1522 1681 1594 1752 jacit
1609 1698 1709 1738 corum

110 1761 158 1817 Sic
174 1765 341 1818 constructa
357 1761 455 1829 micat,
472 1761 514 1817 sic
529 1767 558 1818 et
571 1762 683 1818 variata
698 1767 831 1818 coruscat
1027 1763 1158 1821 Porticus
1174 1771 1205 1820 ut
1221 1771 1311 1822 staret
1326 1767 1470 1824 edificata
1486 1767 1555 1824 Deo.

147 1851 291 1919 Nachina,
306 1867 370 1924 qua
385 1851 461 1907 hane
477 1855 600 1907 matrem
617 1853 742 1907 sustinet
757 1852 921 1922 ecclesiam,
991 1852 1146 1925 Erexitque
1168 1871 1275 1909 nevum
1292 1856 1346 1927 (et)
1359 1857 1439 1926 jacto
1461 1856 1633 1914 fundamine
1647 1860 1790 1931 templum
1807 1878 1814 1917 t

110 1940 204 2004 Quem
220 1940 303 1995 Pater
317 1939 367 1996 ille
380 1940 458 2013 pius,
474 1957 593 1996 summa
607 1940 714 2013 pietate
728 1940 863 2007 refertus,
1026 1941 1067 1996 Ne
1082 1945 1179 1997 tamen
1195 1942 1322 2013 expleret
1337 1948 1439 2015 raptus
1455 1945 1490 2000 ab
1506 1947 1576 2001 erbe
1592 1947 1657 2015 init,

146 2028 280 2083 Nominis
292 2028 328 2084 ad
346 2028 463 2085 laudem
479 2028 681 2085 celsitonantis
696 2029 762 2085 Heri
992 2030 1044 2085 Pro
1059 2030 1170 2086 meritis
1185 2049 1322 2102 superam
1339 2033 1426 2105 digne
1445 2034 1608 2091 translatus
1624 2036 1653 2091 in
1670 2037 1778 2107 aulam,

111 2117 262 2185 fundavit,
279 2118 394 2186 struxit,
412 2117 530 2186 dotavit,
545 2121 574 2174 st
589 2119 656 2174 inde
676 2119 808 2183 sacravit,
1026 2120 1153 2184 Quorum
1170 2119 1349 2192 multiplices
1364 2138 1416 2177 nec
1433 2129 1628 2179 numerantur
1643 2142 1713 2198 epea
1730 2143 1736 2180 :

146 2207 179 2261 at
195 2207 302 2263 meruit
316 2205 419 2279 templi
434 2207 544 2264 solvere
558 2212 624 2264 vota
640 2208 696 2276 aui,
989 2206 1185 2262 Altithronum
1202 2209 1297 2280 primo
1312 2210 1419 2281 quibus
1434 2211 1606 2267 exhilaravit
1621 2214 1657 2270 ab
1672 2231 1741 2282 seve,

110 2295 196 2368 Regia
210 2294 354 2352 AEdelredi
369 2295 422 2351 viai
439 2300 575 2352 cernente
590 2297 724 2364 modesti,
1025 2295 1121 2350 Donec
1135 2296 1248 2352 Christo
1265 2298 1393 2353 animam
1411 2300 1544 2355 redderet
1560 2301 1621 2372 ipse
1637 2319 1733 2358 snam.

145 2384 176 2438 ln
193 2385 274 2457 regni
291 2385 363 2441 solio
379 2385 429 2458 qui
446 2390 580 2457 superest
595 2384 692 2440 hodic.
989 2384 1091 2440 Vestra
1106 2386 1152 2439 cui
1168 2385 1267 2441 atatim
1284 2387 1425 2443 successit
1439 2389 1468 2443 iu
1484 2406 1550 2444 arce
1566 2395 1706 2462 potestas,

109 2471 195 2527 illum
210 2472 364 2529 Pontifices
380 2473 578 2546 sequebantur
592 2473 623 2529 in
639 2475 741 2529 ordine
756 2475 865 2546 plures,
1024 2475 1058 2528 Et
1071 2478 1197 2545 emptum
1213 2474 1292 2547 vigili
1308 2479 1423 2546 pectore
1440 2478 1546 2532 struxit
1560 2495 1634 2549 opus
1651 2495 1658 2533 :

144 2561 331 2633 Complantes
346 2567 481 2618 sanctum
498 2563 552 2619 rita
567 2562 776 2619 ministerium.
989 2562 1110 2633 insuper
1125 2562 1253 2617 occultas
1269 2564 1426 2620 studuistis
1441 2570 1469 2620 et
1485 2565 1590 2621 addere
1606 2571 1733 2639 cryptas,

111 2652 239 2715 Quorum
255 2668 391 2707 summus
407 2657 469 2708 erat
482 2651 563 2707 vultu
580 2655 714 2708 maturus
729 2657 758 2708 et
772 2657 849 2721 actu,
1023 2653 1102 2716 Quas
1116 2651 1157 2705 sic
1172 2651 1338 2707 Daedaleam
1354 2657 1500 2707 struxerat
1514 2653 1664 2726 ingenium
1680 2673 1686 2708 z

145 2738 256 2795 Canitie
271 2741 373 2796 niveus
388 2741 520 2797 [lunatae
536 2745 564 2796 et
579 2740 739 2814 angelicus.
987 2739 1126 2811 Quisquis
1142 2744 1174 2795 ut
1190 2740 1307 2811 ignotus
1321 2741 1439 2795 veniens
1454 2741 1605 2797 intraverit
1620 2742 1695 2807 illas,

111 2827 192 2883 lianc
208 2830 384 2901 sequabatur
398 2847 488 2886 ovans
503 2830 662 2903 Anglorum
678 2830 782 2886 luciier
795 2831 871 2886 idem
1022 2827 1138 2884 Nesciat
1156 2829 1232 2883 unde
1248 2833 1335 2895 meat,
1352 2846 1444 2902 quove
1456 2831 1560 2900 pedem
1577 2830 1692 2885 reserat.

146 2917 254 2973 Prasul
267 2917 465 2988 Adeiweldus,
482 2920 569 2975 corde
584 2918 797 2993 benignivolus.
987 2917 1061 2972 Sunt
1076 2916 1184 2988 quibua
1194 2917 1312 2972 occulta
1323 2915 1441 2973 latitant
1451 2934 1513 2989 qun
1525 2918 1593 2973 hinc
1604 2918 1672 2974 inde
1682 2919 1811 2988 latebra,

111 3007 178 3061 Post
187 3006 236 3062 alli
247 3013 368 3080 septem,
379 3025 452 3081 quos
463 3025 541 3064 nuuc
553 3007 686 3064 addicere
696 3014 864 3081 promptum
875 3014 930 3065 est.
1022 3009 1152 3071 Quarum
1169 3009 1244 3060 tecta
1259 3010 1369 3077 patent,
1386 3005 1467 3061 intus
1481 3010 1510 3061 et
1526 3010 1610 3062 antra
1625 3007 1726 3076 latent,

145 3096 278 3152 Carmine
292 3096 423 3153 versifico
439 3113 506 3153 cum
522 3097 594 3168 pcdc
609 3096 761 3170 dactylico,
817 3097 917 3170 [cwig
950 3083 971 3149 C
987 3093 1125 3150 lntroitua
1141 3111 1266 3167 quarum
1284 3099 1342 3150 stat
1356 3099 1484 3167 apertus,
1502 3101 1530 3150 et
1544 3097 1639 3152 exitus
1653 3095 1759 3151 harum
1777 3112 1783 3152 ε

108 3184 228 3241 AElistan
245 3184 440 3259 AEthelgarus,
458 3202 635 3258 rursumque
653 3186 812 3242 AEltstanus
827 3191 855 3243 et
869 3187 931 3242 riis·
1022 3187 1099 3249 Quas
1116 3183 1203 3239 homo
1219 3183 1269 3255 qni
1284 3182 1400 3256 ignorat
1415 3183 1479 3239 lnce
1493 3201 1590 3240 carere
1606 3188 1700 3256 putat.

143 3275 285 3342 AElihean,
301 3273 485 3341 AEthilainus,
502 3273 549 3329 hic
563 3277 591 3329 ct
605 3272 730 3329 Adultus
744 3278 836 3330 erant.
986 3273 1074 3328 Nocte
1090 3273 1145 3328 sub
1160 3273 1285 3328 obscura
1300 3289 1363 3344 qua
1383 3277 1460 3328 stare
1476 3272 1610 3328 videntur
1629 3277 1657 3328 et
1676 3274 1787 3330 umbrae
1804 3290 1811 3329 :

108 3363 176 3418 Post
189 3362 238 3418 alii
255 3362 353 3435 plures
369 3363 490 3419 aderant
505 3379 707 3435 proceresque,
722 3364 881 3437 ducesque,
1022 3362 1077 3417 Sed
1094 3365 1191 3417 tamon
1208 3360 1312 3416 occulti
1329 3359 1442 3416 lumina
1455 3360 1525 3417 solis
1540 3361 1659 3417 hahent.

143 3453 243 3508 Gentis
259 3457 287 3507 et
302 3451 462 3525 Anglorum
478 3451 608 3507 maxima
621 3469 689 3524 pars
705 3452 845 3508 comitum
864 3471 869 3507 :
987 3451 1077 3522 Cujus
1089 3451 1119 3506 in
1136 3454 1237 3506 exortu
1253 3467 1320 3505 cum
1336 3450 1450 3522 apicula
1465 3450 1560 3524 prima
1574 3450 1730 3517 resultant,

108 3543 186 3607 Quos
202 3559 217 3595 e
231 3540 353 3597 concilio
365 3539 474 3612 pariter
488 3539 643 3614 eollegerat
657 3540 718 3608 illo,
1024 3541 1138 3595 Luciier
1153 3538 1323 3613 ingrediens
1338 3539 1451 3612 spargit
1466 3538 1576 3612 ubique
1586 3540 1677 3611 jubar
1693 3557 1699 3594 ε

144 3631 225 3695 Quod
241 3629 335 3686 iuerat
349 3629 404 3684 vici
419 3630 496 3703 regis
511 3629 541 3684 in
556 3630 730 3695 Andeicran,
987 3630 1022 3684 Et
1037 3632 1169 3701 penetrat
1183 3631 1304 3683 cunctas
1319 3627 1393 3682 lucis
1410 3626 1562 3699 splendore
1578 3645 1726 3696 cavernas,

109 3720 188 3774 idem
204 3724 304 3790 paster
318 3736 408 3775 ovans
423 3724 451 3775 et
464 3736 539 3790 sapa
555 3719 703 3775 notandus
719 3718 879 3786 Adelvvold,
1024 3718 1118 3772 Donec
1132 3716 1162 3771 in
1177 3717 1350 3788 licsperinm
1366 3715 1408 3771 sol
1426 3722 1491 3771 runt
1505 3716 1662 3772 Oceanum.

145 3808 225 3864 Sicut
240 3812 270 3864 ct
284 3807 400 3864 Domini
414 3808 508 3881 gratia
524 3806 695 3863 contulerat.
989 3805 1124 3860 Machina
1137 3809 1196 3861 stat
1211 3823 1347 3877 quarum,
1363 3821 1477 3860 sacrum
1498 3809 1660 3877 supportat,
1677 3807 1705 3858 et
1720 3821 1811 3874 aram,

111 3897 145 3952 Et
159 3896 307 3953 celebrant
320 3897 417 3952 cuncti
434 3896 575 3952 solemnia
590 3896 718 3952 maxima
732 3895 843 3968 templi,
1024 3894 1258 3966 Sanctorumque
1272 3893 1335 3964 pias
1351 3893 1452 3949 ordine
1467 3891 1615 3964 reliquias,

147 3986 320 4043 Plaudentea
336 3985 459 4043 Domino
474 3991 589 4058 pectore
601 3985 751 4041 lauditiae.
989 3981 1189 4054 Multplicique
1204 3983 1291 4037 modo
1307 3985 1406 4036 manet
1420 3981 1491 4037 utile
1506 3979 1622 4037 culmen
1639 3999 1751 4051 aarum,

112 4075 315 4148 testanturque
330 4075 416 4132 benis
427 4092 515 4146 super
530 4072 668 4131 omnibus
683 4073 731 4130 ille
747 4074 891 4149 benignus
1024 4070 1171 4126 Exteriore
1186 4087 1299 4143 gerens,
1317 4069 1454 4125 interiora
1469 4074 1580 4143 tegens.

148 4168 213 4231 Qua
229 4164 333 4220 statuit
348 4164 462 4221 cunctis
478 4163 585 4220 Praaul
600 4163 698 4236 opima
713 4164 786 4220 dari.
989 4158 1071 4214 'ialin
1086 4164 1114 4214 et
1129 4159 1252 4215 auxistis
1267 4159 1315 4215 hic
1330 4175 1450 4232 organa,
1468 4159 1566 4231 qualia
1581 4176 1729 4232 nusquam

111 4254 232 4310 Eercula
247 4257 317 4309 aunt
331 4253 459 4309 admista
467 4252 571 4325 epulis,
583 4252 666 4308 cibus
681 4252 777 4307 emnia
793 4252 932 4307 abundat.
1024 4247 1200 4316 Carnuntas,
1217 4245 1333 4320 gemine
1349 4247 1536 4304 constabilita
1551 4247 1623 4304 solo.

148 4343 251 4401 Nullus
266 4343 349 4399 adeat
364 4342 468 4410 tristia,
485 4341 581 4399 omnis
597 4342 680 4398 adest
696 4340 808 4397 hilaria.
990 4335 1102 4391 bisseni
1118 4353 1207 4408 supra
1222 4336 1372 4392 sociantur
1386 4335 1416 4391 in
1432 4336 1533 4394 ordine
1550 4336 1643 4406 iellea,

111 4431 198 4489 Nulla
212 4432 314 4499 lamas,
333 4431 383 4487 ubi
400 4435 470 4488 sunt
484 4431 597 4488 eunctis
612 4430 734 4486 obsonio
750 4429 853 4501 plenis,
950 4451 974 4516 D
1026 4425 1208 4495 interiusque
1221 4425 1321 4496 jacent
1336 4429 1462 4496 quatuor
1476 4430 1564 4498 atque
1577 4425 1687 4483 decem.

149 4522 181 4576 Et
195 4525 325 4577 remanet
337 4521 417 4577 vario
434 4537 535 4576 mensa
550 4521 653 4576 referta
669 4518 748 4587 cibo,
992 4514 1121 4569 Flatibus
1138 4512 1258 4569 alternis
1274 4512 1421 4585 spiracula
1436 4514 1564 4570 maxima
1579 4514 1714 4579 reddunt,

113 4611 317 4682 Pineeruaqne
333 4609 397 4683 vagi
413 4609 530 4666 cellaria
545 4625 621 4681 saepe
636 4608 831 4680 frequentant,
1027 4607 1103 4670 Quos
1119 4604 1232 4675 agitant
1246 4601 1335 4658 validi
1350 4603 1536 4675 septuaginta
1550 4601 1613 4658 viri.

148 4699 347 4772 Convivaaque
362 4703 474 4773 rogant,
493 4703 525 4755 ut
539 4698 637 4754 bibere
654 4696 805 4768 incipiant.
992 4693 1114 4749 Brachia
1128 4695 1278 4748 versantes
1293 4691 1386 4746 multe
1402 4696 1430 4746 et
1445 4691 1552 4747 audere
1567 4691 1728 4756 madentes,

111 4787 245 4845 Crateras
260 4803 383 4860 magnos
399 4790 542 4856 statuunt,
559 4791 587 4843 ct
601 4786 666 4841 vina
681 4789 831 4851 coronant,
1026 4780 1222 4852 Certatimque
1238 4796 1308 4834 suos
1324 4778 1433 4851 quique
1446 4786 1567 4834 monent
1581 4777 1676 4835 socios
1694 4794 1700 4830 :

149 4877 302 4932 Miscentcs
316 4880 402 4947 potus
415 4875 533 4946 potibus
547 4873 722 4930 innumeris.
991 4869 1109 4926 Viribus
1124 4875 1156 4924 ut
1171 4868 1240 4924 totis
1257 4866 1410 4939 impellant
1425 4867 1544 4922 ilamiua
1558 4883 1687 4935 sursum,

112 4965 239 5023 Facundi
259 4964 375 5032 calices,
392 4964 442 5020 ubi
460 4965 586 5020 rusticus
603 4963 727 5035 impiger
742 4961 840 5017 hausit
1027 4961 1060 5014 Et
1076 4957 1173 5031 rugiat
1185 4956 1270 5028 pleno
1287 4972 1374 5026 capsa
1388 4955 1494 5010 referta
1508 4954 1575 5010 mnu
1593 4971 1600 5011 :

148 5055 340 5126 Spumantem
355 5056 485 5125 pateram
501 5051 616 5126 gurgite
631 5051 803 5107 mellifluam
821 5067 826 5104 :
991 5049 1058 5104 Sola
1072 5045 1303 5119 quadringentas
1318 5060 1381 5114 quae
1398 5043 1525 5100 sustinet
1538 5043 1639 5101 urdine
1651 5061 1764 5113 musas,

111 5142 144 5199 El
159 5143 278 5199 tandem
294 5141 379 5214 plena
395 5158 426 5198 se
442 5145 536 5199 tetum
552 5139 671 5212 produit
683 5157 763 5208 aare,
1027 5140 1105 5203 Quas
1120 5151 1226 5190 manus
1241 5131 1370 5204 organici
1386 5134 1530 5204 temperat
1544 5133 1664 5208 ingenii.

147 5232 312 5305 Satigerum
328 5236 460 5289 mentum
476 5229 669 5288 concutiendo
683 5245 782 5285 suum.
992 5227 1049 5282 ilas
1066 5224 1158 5296 aperit
1173 5221 1298 5288 clausas,
1313 5219 1477 5294 iterumque
1492 5222 1545 5280 has
1561 5222 1672 5280 claudit
1687 5226 1812 5294 apertas,

110 5318 217 5392 Sicque
232 5319 294 5375 dies
310 5319 441 5392 alterque
456 5320 519 5377 dica
534 5317 676 5391 processit
691 5317 721 5372 in
738 5315 864 5389 hymnis,
1027 5312 1121 5385 Exigit
1137 5315 1169 5367 ut
1183 5308 1252 5364 varii
1269 5313 1349 5364 certa
1363 5325 1494 5367 camoena
1508 5311 1583 5369 soni.

146 5435 202 5507 (2⁴)
214 5433 278 5490 liae
293 5438 353 5490 tam
364 5434 441 5490 clare
457 5439 543 5507 atque
559 5433 758 5488 indubitanter
769 5449 785 5487 a
795 5431 1128 5489 Wolatanc'releruntur
1144 5427 1178 5483 de
1194 5424 1358 5483 conditione
1374 5425 1440 5483 novi
1454 5426 1577 5484 caenobii
1589 5423 1812 5500 wintoniensis,

109 5511 144 5574 pt
158 5522 193 5563 ea
206 5505 331 5564 AEllrcde
348 5506 408 5581 regi
425 5506 513 5564 tribui
529 5523 587 5565 non
602 5504 705 5580 possit.
