3900 6090
120 283 195 348 1167
337 285 602 348 11110Τὸ1717Ηῶ
624 284 718 345 lllON.
743 280 1033 344 GANDllllSHlllM.
1058 281 1176 342 GllllM.
1200 282 1251 342 uu
1273 281 1382 342 GEST.
1407 277 1549 344 ΟΤΤΟΝ.
1573 280 1598 342 1.
1744 279 1820 340 1168

118 420 199 486 Quod
215 417 277 475 iteri
292 419 426 476 Christus
441 435 603 491 numquam
622 416 802 490 permitteret
827 431 938 489 aquus,
954 416 981 485 Α
997 415 1148 488 Omneque
1162 414 1296 471 moeroris
1310 415 1426 487 pondus
1442 414 1598 487 cunctique
1613 413 1736 481 doloris,

116 507 147 564 Si
163 512 255 564 staret
269 524 391 580 regnum
405 509 487 580 justa
503 507 557 562 sub
573 522 643 579 pace
659 505 801 578 quietum.
993 505 1073 571 Quod
1090 503 1171 576 prius
1187 503 1316 559 absentis
1332 519 1422 559 eausa
1437 502 1563 559 tulerant
1577 501 1713 571 senioris,

115 597 168 651 Ast
183 595 232 651 ubi
248 597 301 652 suh
318 595 394 653 tristi
410 595 492 652 vultu
507 595 671 668 sepissime
685 593 761 667 petri
994 593 1035 649 lix
1049 592 1147 648 animo
1163 591 1351 664 deponentes,
1370 591 1567 647 communitor
1582 608 1688 647 omnes

116 685 297 740 Monstratur
311 688 445 753 moestus,
462 683 547 740 solito
565 700 617 739 nec
633 700 713 739 more
728 700 860 751 serenus,
993 680 1119 737 Causam
1134 679 1243 736 laeticie
1256 680 1403 736 duxeruut
1418 697 1482 737 esse
1497 697 1653 752 supremae,

116 774 191 829 Sunt
205 772 254 845 qui
270 773 382 846 decepti
397 774 432 808 ’³⁴
442 774 587 845 serpentis
604 773 705 827 fraude
720 771 813 828 dolosi
829 771 863 806 ²³⁵
880 812 886 824 .
907 812 913 824 .
932 811 938 824 .
995 769 1024 825 Si
1040 774 1107 842 post
1122 786 1281 842 paucorum
1298 770 1476 827 meruissent
1491 787 1559 843 ergo
1575 769 1691 825 dierum

310 862 419 931 (Versus
430 863 549 935 plarirru'
563 861 745 931 ceciderunt.)
995 858 1115 927 Cursus,
1133 858 1269 931 promissi
1283 858 1367 929 jaxta
1381 859 1527 930 preconia
1541 857 1601 914 loeti
1617 859 1663 927 ²³⁸,

116 951 172 1007 Sed
189 951 245 1023 (69)
260 967 318 1022 quo
336 950 462 1023 regalem
474 951 566 1022 patris
576 950 645 1004 hinc
656 953 776 1022 augeret
788 949 939 1003 honorem.
1192 946 1299 1019 (Versus
1310 946 1428 1017 plarimi
1442 945 1626 1014 ceciderant.)

117 1039 168 1095 llis
183 1057 232 1094 rex
248 1039 405 1111 compertis
421 1056 455 1094 ex
471 1038 663 1110 prosperitate
679 1037 773 1093 fidelis
790 1036 923 1110 (oratlb‘l),
999 1038 1086 1108 AEque
1098 1037 1155 1106 (71)
1171 1036 1265 1091 serens
1282 1035 1337 1108 (72)
1354 1038 1502 1107 sceptrum
1513 1035 1617 1108 capitis
1629 1034 1823 1106 diademaque

118 1129 245 1183 Loetatus
261 1128 361 1199 prolis,
379 1132 439 1183 tota
455 1127 608 1182 dulcedine
625 1126 733 1182 mentis
1344 1123 1516 1198 [pulchrum
1532 1125 1673 1197 (175962.
1691 1124 1769 1178 Felrr.
1785 1126 1824 1195 2.)

119 1218 184 1273 lleec
197 1216 239 1271 illi
255 1216 376 1272 mandat
392 1216 509 1287 scriptis
525 1215 663 1288 extimplo
679 1214 811 1270 remissis
827 1232 833 1270 :
996 1217 1090 1287 Atque
1105 1214 1150 1271 sui
1166 1213 1264 1271 cultus
1280 1231 1383 1271 omnes
1398 1213 1512 1287 regales
1526 1214 1665 1283 amiotus,

118 1326 134 1357 α
150 1306 183 1361 ln
198 1305 330 1360 seculum
346 1304 437 1360 seculi
453 1309 571 1360 maneat
587 1303 651 1360 laus
667 1303 876 1376 omnipotenti,
997 1306 1123 1362 Ornatus
1138 1305 1190 1361 sed
1205 1304 1326 1377 majoris
1341 1304 1374 1339 ²³⁹
1389 1302 1519 1376 suscepit
1534 1303 1655 1361 honoris

118 1392 171 1462 Oai
188 1393 269 1449 dedit
284 1393 313 1449 in
327 1393 418 1449 tantis
433 1398 523 1448 temet
537 1394 664 1466 gaudere
682 1391 830 1459 secundis,
996 1396 1128 1467 Auguste
1144 1410 1260 1450 summo
1275 1393 1384 1466 pariter
1400 1409 1468 1448 mox
1483 1392 1707 1450 conbenedicta.

117 1483 219 1540 Grates
235 1485 329 1555 adque
344 1482 398 1538 tibi
415 1482 530 1550 dantur,
549 1481 703 1538 karissimo
720 1481 772 1549 fili,
998 1481 1143 1538 llaetonus
1159 1481 1288 1539 Oddonis
1305 1479 1409 1538 tamesi
1425 1481 1551 1554 denique
1566 1480 1645 1554 regis

117 1573 209 1639 Quem
225 1574 359 1627 constare
374 1571 492 1644 quidem
513 1569 630 1644 penitus
646 1586 792 1643 cognosco
809 1567 942 1635 fidelem
998 1570 1095 1638 Gesta,
1113 1571 1179 1626 licet
1195 1570 1274 1626 tenui
1292 1570 1376 1626 Musa
1388 1569 1481 1626 cecini
1498 1567 1689 1625 modulando.

6 1681 8 1687 ·
117 1663 194 1719 llaut
208 1660 332 1717 obscura
346 1664 402 1716 tues
418 1659 485 1715 fidei
500 1660 570 1732 qaia
586 1659 670 1733 sigua
686 1658 803 1727 dedisti,
998 1660 1081 1716 Nunc
1097 1659 1251 1716 scribenda
1266 1659 1383 1732 quidem
1400 1661 1544 1726 coustant,
1552 1675 1616 1732 que
1628 1658 1739 1716 lecerat
1749 1659 1826 1716 idem

117 1750 190 1808 (lum
206 1767 257 1823 per
272 1753 299 1805 te
314 1766 437 1824 regnum
452 1749 574 1822 cupiens
589 1765 746 1823 augescere
761 1751 907 1816 nostrum,
998 1751 1148 1823 Augustus
1165 1746 1417 1804 solium‘retiuens
1433 1747 1462 1802 in
1478 1747 1584 1804 vertice
1598 1765 1719 1817 rerum;

117 1838 246 1914 Signasti
261 1838 345 1895 nobis
361 1838 471 1912 proprii
488 1839 576 1895 decus
592 1856 678 1895 omne
693 1837 813 1894 laboris.
998 1839 1128 1911 Tangere
1143 1854 1206 1910 que
1221 1854 1331 1905 vereor,
1348 1836 1398 1910 qui
1415 1836 1537 1893 leminea
1557 1836 1738 1909 prohibebor

119 1929 191 1985 ltine
206 1945 258 2002 ego
274 1932 435 2002 gratanter,
453 1945 516 2000 quas
533 1928 627 1983 tacisti
643 1928 799 2000 sapienter,
998 1928 1091 1994 Scau,
1107 1943 1159 1983 uec
1174 1925 1225 1982 vili
1241 1926 1348 1981 debent
1365 1942 1498 1982 sermone
1514 1925 1631 1994 revolvi,

117 2018 281 2091 decipiens,
297 2017 358 2072 vice
374 2033 513 2073 conversa
529 2016 674 2088 condigna
689 2016 827 2087 rependo,
999 2015 1128 2081 Qualiter
1142 2014 1240 2070 invicti
1255 2015 1328 2070 duro
1345 2014 1505 2071 luctamine
1520 2013 1588 2071 belli

120 2107 179 2162 lloc
193 2105 350 2178 ipsumque
365 2104 419 2160 tibi
438 2122 560 2178 reguum
576 2105 727 2160 committo
744 2102 915 2176 regendum,
999 2103 1131 2159 Obtinuit
1146 2107 1313 2160 constructa
1329 2103 1400 2159 locis
1416 2101 1534 2159 castella
1549 2104 1673 2160 marinis
1691 2104 1826 2177 (uaeas),

120 2195 246 2268 imperio
261 2194 349 2249 subdi
366 2198 465 2249 nostro
482 2195 559 2265 quod
574 2191 764 2249 eonstituisti.
998 2194 1065 2258 Ouo
1081 2192 1265 2266 beringarius
1281 2193 1409 2265 conjunx
1424 2193 1555 2264 possedit
1569 2197 1596 2248 et
1612 2194 1690 2265 ejus,

120 2283 315 2356 Praecipioque
331 2280 383 2337 tibi
394 2282 500 2354 jussis,
517 2281 630 2349 dilecte,
648 2282 789 2353 paternis,
997 2282 1036 2335 Ac
1053 2281 1147 2346 illum,
1160 2282 1330 2353 juramento
1345 2284 1467 2353 cogente
1482 2285 1610 2354 peracto,

120 2372 157 2429 Ut
172 2387 258 2445 quem
273 2370 383 2426 victrici
398 2369 539 2443 populum
557 2371 657 2425 dextra
672 2368 829 2442 superasti,
999 2370 1080 2425 Misit
1095 2369 1251 2426 inexilium
1261 2370 1827 2445 miseracumconjugoWiila(ae.9bl);

118 2462 237 2533 Absque
253 2477 335 2516 mora
351 2463 447 2515 tecum
464 2459 554 2515 lacius
570 2459 687 2514 firmare
702 2458 861 2515 tenendum
998 2457 1127 2526 Qualiter
1141 2463 1170 2515 et
1184 2460 1255 2515 recti
1266 2465 1450 2532 conpunctus
1465 2459 1599 2516 acumine
1613 2459 1667 2516 zeli

120 2549 236 2617 Foedus,
253 2565 320 2604 cum
332 2549 501 2620 juramento
518 2552 664 2604 structum
681 2546 848 2603 metuendo.
866 2569 879 2596 u
998 2548 1154 2603 Summum
1169 2549 1348 2620 pontificem,
1359 2549 1492 2621 quedam
1505 2565 1642 2621 perversa
1656 2556 1827 2623 patrantem

121 2640 184 2694 ileo
200 2638 258 2693 dur
274 2634 428 2693 Liadullus
443 2637 559 2693 decreta
576 2637 675 2708 legens
695 2637 890 2693 venerandus.
999 2636 1069 2709 Ejus
1082 2654 1134 2692 nce
1150 2636 1270 2693 monitis
1285 2637 1455 2711 dignantem
1471 2638 1571 2694 cedere
1586 2640 1711 2711 crebris,

121 2728 226 2784 Laetior
242 2744 276 2783 ex
292 2725 468 2781 mandatelis
484 2731 572 2781 tantae
586 2725 712 2799 pietatis,
999 2725 1082 2782 Sedis
1098 2725 1261 2798 apostolice
1279 2726 1408 2782 fraudari
1423 2727 1491 2783 lecit
1504 2726 1624 2797 bonore,

119 2817 227 2873 Jussas
242 2832 308 2871 cum
321 2814 489 2886 juramento
506 2813 608 2886 religat
623 2813 678 2869 sibi
696 2813 780 2869 firmo
999 2813 1187 2871 Constituens
1201 2814 1303 2884 alium,
1319 2816 1440 2872 rectoris
1453 2816 1575 2881 „nomine
1590 2816 1735 2889 dignum;

119 2906 161 2962 ad
177 2905 269 2978 patris
283 2904 456 2976 obsequium
468 2902 610 2976 populum
622 2903 708 2975 digne
719 2903 942 2958 moderandum.
999 2903 1128 2971 Qualiter
1142 2909 1171 2959 ot
1182 2919 1270 2976 regno
1286 2904 1444 2977 tranquilla
1459 2921 1529 2978 paca
1544 2904 1643 2978 quieto

120 2994 170 3051 llis
185 2996 259 3051 beno
274 2992 433 3067 dispositis,
452 3009 568 3049 summo
585 3009 652 3048 cum
670 2993 775 3047 loedere
788 2991 869 3062 pacis
998 2990 1148 3048 Nostrates
1159 2993 1269 3062 adiens,
1281 2991 1339 3048 illie
1350 2993 1515 3066 iterumque
1525 2999 1675 3050 revertens
1685 2996 1824 3069 (αη.996),

118 3083 231 3139 Ardone
247 3082 377 3138 absentis
392 3081 496 3137 faciem
513 3081 657 3137 meruisse
670 3081 811 3153 parentis,
998 3080 1115 3136 Necnon
1131 3082 1284 3138 amborum
1300 3081 1429 3138 retinens
1442 3083 1532 3138 decus
1547 3081 1752 3155 imperiorum,

120 3170 259 3245 Coniugis
274 3175 302 3226 at
317 3171 392 3226 kare
406 3169 485 3226 dulei
501 3171 633 3226 devictus
649 3185 748 3224 amoro
959 3160 981 3228 C
1002 3168 1096 3243 lpsius
1111 3169 1222 3242 prolem
1238 3175 1305 3245 post
1319 3168 1403 3225 illum
1415 3171 1479 3243 jam
1494 3170 1671 3240 venientem,

119 3262 159 3317 Ao
173 3260 264 3332 prolis
278 3259 402 3334 gemine
418 3260 474 3332 (79)
489 3259 576 3334 louge
587 3262 653 3331 post
674 3263 756 3331 terga
770 3259 804 3294 ²³⁶
819 3257 924 3314 relicte
997 3258 1112 3314 Scilicet
1128 3259 1288 3328 Oddonem,
1305 3259 1429 3316 nutricis
1444 3260 1480 3316 ab
1494 3260 1583 3317 ubere
1598 3277 1709 3334 regem,

120 3348 296 3405 Posthabito
312 3348 385 3404 linos
400 3346 500 3420 patria
514 3346 624 3420 placuit
638 3346 786 3418 repedare,
996 3347 1039 3402 Ad
1063 3348 1156 3404 fasces
1185 3346 1350 3422 augustalis
1376 3347 1506 3421 provenit
1533 3349 1654 3407 honoris
1683 3354 1744 3421 (aa.
1760 3350 1823 3407 997.

120 3440 182 3506 Quo
197 3440 264 3511 post
278 3435 357 3492 exilii
372 3436 487 3508 pondus
503 3435 628 3491 nimium
642 3451 728 3508 grave
743 3436 809 3491 duri
1673 3441 1748 3514 [Dec.
1764 3442 1821 3510 25.)

118 3526 220 3583 Posset
235 3524 475 3598 quandoquidem
491 3523 592 3596 patriae
607 3527 725 3597 captare
740 3523 878 3596 quietem.
997 3525 1192 3600 Exemploque
1207 3527 1254 3584 sai
1268 3526 1355 3601 digno
1370 3527 1437 3584 feeit
1451 3527 1595 3586 benedici.

117 3614 213 3688 thue
226 3611 302 3670 oeler
318 3612 440 3670 morulis
455 3613 516 3669 hmo
531 3612 665 3687 impleret
680 3613 743 3669 sine
763 3613 887 3681 eunctis,
997 3616 1062 3671 lleae
1077 3615 1167 3688 igitar
1181 3616 1291 3674 nostris
1307 3621 1457 3690 nequeunt
1472 3616 1610 3690 exponier
1628 3618 1717 3690 orsis,

117 3704 180 3762 Non
195 3703 252 3760 iter
266 3706 399 3776 optatum
416 3702 531 3775 pondus
548 3701 706 3757 tardaverit
721 3700 826 3775 ullum,
997 3703 1053 3759 Sed
1071 3710 1205 3777 quarunt
1220 3705 1326 3762 seriem
1342 3706 1428 3779 longo
1443 3705 1500 3762 sibi
1515 3705 1703 3765 nobiliorem.

117 3791 267 3851 Collectim
283 3791 415 3866 proprias
428 3790 520 3864 lussit
533 3790 709 3862 praemittere
724 3806 820 3863 gazas,
997 3793 1069 3848 llinc
1084 3809 1136 3866 ego
1148 3795 1192 3862 ¹⁸⁰,
1203 3793 1534 3867 tantarumprohibente
1541 3796 1701 3869 gravedine
1711 3813 1818 3865 rerum,

117 3882 213 3956 lpsiue
227 3885 257 3938 et
271 3881 375 3938 taciem
392 3880 509 3937 turbam
526 3880 686 3952 praecedere
701 3883 794 3935 totam
996 3879 1077 3937 Ultra
1092 3898 1150 3938 nou
1165 3882 1271 3951 tendo,
1287 3882 1376 3939 tinem
1392 3882 1442 3939 sed
1458 3883 1576 3955 provido
1587 3901 1678 3957 poue,

117 3973 210 4040 Quem
222 3969 291 4027 belli
307 3986 396 4026 eausa
411 3985 511 4026 eccum
527 3969 687 4025 deduxerat
702 3967 762 4036 illo,
997 3970 1064 4027 Post
1078 3970 1139 4027 hee
1155 3971 1270 4045 incepto
1285 3987 1322 4027 ne
1337 3971 1530 4029 succumbam
1546 3971 1623 4032 male
1637 3973 1726 4033 vieta.

117 4060 294 4117 Promittens
309 4058 419 4132 ipsum,
435 4057 495 4113 vita
508 4055 676 4125 comitante,
693 4057 825 4114 futuram
996 4059 1046 4116 llis
1061 4061 1102 4116 ita
1116 4060 1208 4119 linitis
1221 4066 1250 4118 et
1265 4059 1439 4118 summatim
1455 4054 1615 4135 replicatis,

116 4149 160 4205 Ad
175 4149 249 4206 fines
264 4148 363 4222 patria
377 4146 462 4220 spatii
477 4150 544 4219 post
559 4150 691 4219 tempora
707 4146 797 4220 parvi.
996 4150 1046 4207 list
1059 4149 1164 4224 ingens
1179 4149 1254 4225 regis
1269 4149 1364 4224 pietas
1378 4151 1491 4209 oranda
1505 4150 1655 4224 perennis,

118 4239 177 4295 lloo
192 4252 309 4311 quoque
324 4235 457 4294 mellillui
474 4235 572 4291 reatris
588 4233 754 4308 signaverat
768 4235 837 4306 oris,
995 4241 1057 4304 Qua
1071 4237 1138 4311 pias
1153 4242 1293 4312 augustos
1307 4239 1340 4274 ‘⁸¹
1357 4242 1473 4312 prestet
1487 4238 1631 4297 deducere
1647 4242 1822 4312 nostrosffl)

117 4330 151 4384 ln
167 4327 235 4401 quis
251 4325 390 4393 castellis,
406 4325 436 4380 in
453 4325 519 4397 quis
536 4323 685 4396 voluitque
700 4322 810 4380 locellis
996 4327 1136 4384 laetantis
1150 4327 1214 4384 vitas
1230 4331 1348 4401 tempus
1364 4327 1486 4387 feliciter
1499 4343 1597 4400 omne,

117 4417 260 4489 Sumptus
275 4415 398 4489 hospicii
414 4415 519 4487 dignos
534 4412 652 4474 sibimet
665 4411 801 4485 reparari.
995 4417 1030 4472 lit
1045 4414 1133 4472 tultos
1149 4432 1265 4489 semper
1279 4415 1393 4474 cunetis
1408 4417 1444 4474 ad
1460 4420 1525 4474 vota
1539 4417 1691 4488 secundis,

117 4507 175 4563 llae
192 4506 263 4562 moti
279 4506 358 4561 fama
373 4507 519 4561 nostrates
535 4502 708 4570 desiderata,
956 4530 980 4594 D
994 4505 1129 4562 Ecclesiae
1144 4503 1254 4561 multos
1268 4506 1404 4562 custodes
1419 4505 1551 4562 servetin
1567 4523 1673 4575 annos,

115 4595 228 4652 Allectu
244 4594 341 4651 cordis
356 4592 523 4668 gaudebant
539 4591 685 4648 interioris
700 4591 743 4659 ²³⁷,
996 4595 1085 4651 Nobis
1096 4593 1226 4651 solamen
1243 4594 1346 4652 dantes
1357 4592 1538 4652 clementius.
1554 4597 1659 4652 limen.

150 4685 233 4741 Vers.
251 4686 330 4740 1182.
1030 4683 1112 4740 Vers.
1130 4685 1208 4739 1517.

151 4856 238 4911 ¹³⁸ito
254 4857 278 4910 1.
296 4851 762 4926 deceptumCeltesscripaitlrene.
800 4851 913 4924 ²⁸⁸fint‘s
932 4855 996 4925 [olii
1019 4856 1080 4909 148.
1098 4854 1245 4922 Quatemio
1307 4855 1427 4920 caimos,
1443 4870 1495 4926 qao
1521 4869 1565 4910 rea
1593 4871 1735 4912 aneorum
1757 4854 1817 4920 953,

116 4927 179 4997 954,
196 4928 259 4994 955,
276 4926 330 4980 959
343 4934 369 4982 et
382 4925 435 4980 957
458 4925 598 4996 descripte
620 4931 708 5005 erant.
724 4922 827 4980 eccidit
849 4925 948 4996 (igiter
971 4927 1024 4982 388
1047 4928 1156 4980 circiter
1178 4871 1306 4998 versarii!
1331 4927 1364 4962 ¹³⁸
1380 4930 1516 4998 posterga
1531 4927 1555 4980 1.
1595 4925 1628 4962 ¹⁸⁷
1645 4928 1686 4983 ite
1703 4929 1731 4981 2.
1749 4927 1819 4981 inte·

116 4999 208 5055 riores
224 4999 248 5053 1.
287 4998 320 5032 ²³⁸
336 4999 353 5054 i.
367 5015 391 5055 e.
407 4996 482 5063 lerti3
500 4997 603 5052 seilicet
618 4994 777 5064 terulutsem
792 4996 919 5065 reuisere,
937 5000 985 5070 qui
999 5006 1088 5053 toraca
1103 4996 1148 5053 dic
1161 4997 1179 5050 tl
1194 4996 1263 5067 Sept
1283 5000 1341 5070 ejas
1356 4999 1425 5053 orriri
1439 4997 1515 5054 obiit.
1533 4998 1608 5053 Hinc
1620 4999 1694 5068 solia
1714 4999 1822 5055 circiter

115 5086 173 5139 aee,
191 5069 232 5126 vel
248 5085 341 5125 verses
354 5069 417 5135 299,
434 5084 476 5122 rea
491 5083 627 5122 errrorem
640 5068 703 5132 957,
719 5067 782 5133 958,
799 5066 863 5135 959,
878 5067 941 5136 999,
956 5069 1006 5124 eei
1023 5075 1049 5123 et
1063 5068 1116 5123 992
1139 5084 1223 5139 usqae
1245 5068 1280 5123 ad
1301 5071 1517 5125 corronationem
1541 5067 1648 5125 ottonis
1672 5071 1820 5127 Romanam

115 5143 281 5209 eelriberrtea
298 5140 467 5196 ceciderant.
485 5171 518 5180 -
535 5139 671 5195 Laconem
686 5137 730 5193 liic
742 5139 828 5193 seruit
842 5138 957 5196 Realer.
995 5140 1029 5175 ¹³⁹
1045 5141 1171 5213 maq‘ores
1194 5155 1265 5195 corr.
1283 5141 1403 5212 majoris
1420 5143 1444 5195 1.
1495 5140 1529 5175 ¹⁴⁰
1543 5155 1612 5212 ergo
1637 5156 1710 5198 corr.
1727 5158 1782 5214 ego
1795 5141 1820 5196 1.

115 5212 541 5285 :irrecorrqomueustusl
905 5280 1013 5339 aare

149 5373 206 5457 (99)
220 5372 374 5429 Conclusio
389 5368 744 5456 legationisuvelnepistolm
761 5369 888 5427 Liudultl
898 5370 937 5428 vi·
1028 5373 1242 5498 (7919((16110
1258 5370 1335 5428 Otto.
1370 5442 1374 5454 .
1400 5442 1405 5455 ι

114 5447 214 5513 cteris,
226 5460 260 5500 ex
271 5444 474 5516 Lagonbardra
484 5447 558 5524 patri
572 5457 772 5514 missiaeuqus
783 5458 936 5516 argumeu·
1029 5446 1087 5516 (72)
1102 5445 1148 5501 Sci
1162 5447 1219 5499 icet
1234 5442 1423 5499 AEthelherdrs
1439 5460 1498 5500 una
1514 5459 1581 5500 cum
1597 5443 1706 5502 Ottone
1723 5443 1819 5502 Roma

115 5516 179 5571 tum
194 5533 229 5571 ex
244 5514 359 5571 Ottonis
373 5531 420 5570 res
442 5531 514 5571 anso
527 5515 639 5570 discere
654 5512 730 5569 licet.
994 5514 1139 5665 imperiali
1155 5530 1263 5571 corona
1277 5512 1422 5571 redimita.

152 5587 210 5660 (70)
226 5584 341 5643 Ottonis
357 5589 386 5641 et
430 5585 580 5642 ahthildis.
990 5639 997 5650 ,
1059 5589 1087 5661 3)
1103 5585 1221 5646 Scilicet
1235 5585 1364 5643 Ottones.
