3900 6090
115 293 181 356 soe
797 274 985 340 concana
1007 274 1033 335 v
1053 274 1167 336 arra
1779 276 1835 347 m

115 421 356 485 concedimusbt
371 420 436 474 ideo
452 414 610 488 cujuslibet
621 413 747 468 ecclesia
765 411 944 474 sacerdotem
959 408 989 475 Ἀ
1003 425 1055 480 pro
1072 412 1173 464 nostra
1188 408 1529 483 unima,nostrorumque
1543 413 1832 475 antecessorum,seu

116 514 146 571 in
167 512 285 585 praelato
311 505 488 564 monasterio
513 501 675 576 quamlibet
696 497 945 572 jurisdictionem,
1002 512 1206 553 successorum
1224 498 1395 569 pontificum
1412 499 1515 555 devota
1530 497 1594 554 sine
1616 496 1833 554 intermioeime

115 601 160 658 vel
169 604 352 674 potestatem,
366 596 425 652 sive
438 593 642 650 auctoritatem
651 595 755 663 praeter
765 588 845 645 sedis
858 603 946 658 apos·
1002 584 1053 641 fiet
1068 585 1305 658 credebamque
1320 587 1481 644 statuimus
1496 591 1529 643 ut
1543 587 1617 642 dum
1627 586 1725 642 abbas
1737 585 1774 640 de
1783 585 1833 642 ue·

117 684 391 758 tolicaepentiticem
408 682 516 737 habere
535 673 946 751 prohibemus,itautnisiab
1002 674 1107 730 seculo
1135 673 1282 748 migravit,
1307 692 1402 748 neque
1425 692 1485 742 rex,
1511 691 1608 748 neque
1638 675 1714 741 dux,
1743 689 1833 746 nque

116 775 220 830 alibnte
248 769 420 826 ruonnsterii
445 768 578 839 ejusdcm
605 765 692 822 tuerit
716 765 866 827 invitatus,
893 779 947 816 nec
1001 763 1142 831 marchio,
1160 781 1254 836 neque
1270 762 1834 837 episcopus,neqnecomesmequeulle

116 864 275 920 missarum
306 857 451 915 solemnia
475 856 585 910 ibidem
608 853 777 908 omnimodo
800 850 947 907 celebrare
1001 851 1058 907 alia
1073 869 1199 923 persana
1215 853 1323 908 ibidem
1339 855 1475 910 abbatem
1494 853 1632 910 ordinare
1657 857 1832 925 praesumam

116 949 368 1024 prasumatllnnc
385 947 512 1016 deniqne
528 949 659 999 nostram
677 941 835 1013 apostolica
848 944 945 995 aueto-
983 941 1051 1017 ,sed
1062 941 1650 1013 congregatisinunurncunctisejusdam
1662 940 1832 996 monasterii

117 1041 201 1095 ritate
215 1035 434 1103 constituimus
451 1037 478 1088 ot
495 1032 576 1086 nulla
592 1030 649 1085 aliu
663 1046 769 1101 magun
786 1045 837 1082 soa
860 1045 947 1099 parva
1001 1029 1150 1095 iratribus,
1166 1048 1201 1086 cx
1229 1031 1379 1086 communi
1404 1047 1560 1099 consensu,
1572 1029 1623 1085 Dei
1639 1029 1832 1102 providentia,

118 1143 243 1201 persona
257 1124 368 1179 eisilcm
393 1138 459 1176 vero
486 1119 674 1184 uronesterin‚
696 1118 756 1173 sive
779 1116 901 1172 interius
916 1117 945 1171 in
1001 1118 1050 1190 qai
1066 1119 1174 1190 dignus
1191 1119 1245 1174 hoc
1261 1119 1372 1176 honore
1386 1120 1466 1176 visus
1483 1120 1618 1188 [acrites
1633 1118 1760 1191 propria
1768 1136 1831 1174 con·

119 1215 210 1272 eorvis
226 1211 370 1278 videlicet,
387 1210 430 1265 vel
446 1209 475 1264 in
493 1207 679 1274 seruulis,nut
694 1207 782 1262 etiam
799 1206 827 1260 in
843 1204 945 1276 serris,
1000 1207 1312 1278 gregationcabbutcm
1328 1209 1435 1264 ibidem
1449 1209 1627 1265 ordinaresi
1640 1208 1830 1280 quisautrm,

117 1304 161 1360 vel
177 1300 303 1368 ancillis,
321 1316 433 1354 necnon
450 1298 537 1353 etiarn
554 1298 584 1352 in
601 1296 710 1362 liberis,
727 1294 771 1349 vel
788 1295 817 1348 in
833 1295 946 1350 cunctis
1000 1295 1078 1367 quod
1094 1313 1151 1351 aon
1167 1301 1314 1368 optamus,
1327 1298 1481 1353 temerario
1496 1314 1571 1353 ausu
1587 1301 1693 1353 contra
1709 1313 1756 1366 aa,
1771 1314 1831 1370 qun

117 1391 255 1448 rebusad
272 1389 300 1443 id
316 1385 690 1460 pertinentibus‚vidolicet,
708 1385 737 1438 in
753 1384 830 1439 casis
844 1387 947 1456 etpos·
1000 1384 1037 1439 ab
1052 1384 1106 1440 hec
1122 1389 1222 1440 nostra
1246 1385 1418 1442 auctoritate
1444 1386 1491 1460 pio
1516 1391 1546 1443 et
1570 1386 1700 1443 tirmiter
1714 1385 1831 1459 pachae

50 1478 57 1490 ’
117 1479 298 1538 sessionibus
313 1476 460 1548 quomodo
490 1473 620 1546 aliquam
646 1471 811 1529 molestiam
840 1472 946 1529 inferre
1000 1477 1134 1529 nastrum
1148 1472 1332 1547 privilegium
1348 1475 1482 1549 deposita
1500 1479 1582 1544 sunt,
1596 1473 1747 1532 contraire
1771 1479 1830 1532 tea·

117 1570 285 1643 prasumat.
302 1565 470 1636 Pariterque
487 1563 677 1619 concedimus
693 1567 721 1618 et
736 1562 947 1618 confirmamus
1000 1561 1113 1630 laverit,
1130 1561 1172 1618 vel
1190 1562 1261 1630 heo,
1278 1581 1342 1636 que
1357 1581 1374 1619 a
1389 1563 1474 1620 nobis
1496 1565 1533 1620 ad
1555 1563 1678 1620 laudem
1703 1564 1756 1621 Dei
1781 1578 1830 1636 pra

117 1659 211 1714 eidem
226 1659 326 1712 sancto
342 1653 519 1709 monasterio
534 1650 690 1723 primitius,
707 1650 751 1706 vel
767 1650 896 1706 decimas
910 1651 947 1706 de
999 1649 1158 1706 stabilitate
1169 1651 1233 1720 Jam
1250 1651 1326 1706 dicti·
1337 1652 1507 1709 monasterii
1523 1655 1635 1708 statuta
1650 1657 1734 1719 sunt,
1745 1651 1829 1707 retra·

117 1747 180 1803 suis
194 1744 433 1802 hominibussire
447 1743 481 1797 de
493 1741 726 1814 praceptalibus,
736 1744 945 1812 atquesncrum
1000 1738 1073 1811 gari,
1098 1744 1149 1794 aut
1174 1739 1203 1794 in
1225 1756 1374 1811 quoquam
1400 1740 1566 1814 transgredi
1597 1739 1829 1813 presumpserit,

118 1835 300 1909 baptismum
317 1831 404 1887 liceat
418 1830 557 1887 celebrari
575 1831 603 1885 in
620 1829 742 1886 ecclesia
753 1828 945 1896 S.Benedicti,
1001 1827 1073 1882 sciet
1089 1844 1120 1882 se
1138 1828 1310 1885 auctoritate
1328 1829 1389 1896 Dei,
1406 1833 1435 1884 et
1450 1829 1526 1886 beuti
1550 1829 1624 1885 Petri
1652 1827 1790 1905 apostoli,
1803 1831 1830 1885 et

117 1931 146 1981 et
162 1925 191 1980 in
206 1921 328 1980 ecclesia
343 1921 372 1976 S.
391 1919 486 1976 Mario
503 1920 531 1974 in
550 1918 759 1986 Lamulc,sicnt
773 1933 945 1973 concessum
1001 1920 1195 1972 trecentorum
1209 1916 1307 1972 decem
1324 1922 1353 1974 et
1365 1923 1429 1974 octo
1445 1918 1565 1975 Patrum
1579 1923 1754 1975 sanctourm
1765 1935 1829 1974 ana·

118 2018 163 2070 est
178 2030 195 2069 a
210 2011 345 2084 partibus
361 2024 463 2081 regum
480 2025 532 2080 per
549 2008 684 2079 precepti
701 2010 848 2079 paginam,
861 2005 945 2077 quid·
1000 2004 1138 2059 thematis
1153 2004 1268 2060 vinculo
1284 2006 1471 2074 innodatum,
1488 2024 1556 2063 eum
1572 2005 1692 2063 diabalo
1714 2012 1746 2062 et
1767 2008 1828 2078 dus

118 2101 188 2174 quid
203 2100 310 2155 ibidem
327 2097 469 2153 contineri
486 2096 610 2163 videtur,
626 2096 669 2150 vel
686 2097 709 2151 si
727 2095 795 2166 quid
813 2095 848 2150 nb
862 2097 945 2149 ante·
999 2093 1191 2150 atrocissimis
1199 2096 1647 2168 pompis,atqueludatraditore
1655 2095 1773 2152 Domini
1783 2112 1827 2151 no

118 2189 283 2247 sessoribus
299 2187 408 2242 nostris
425 2185 612 2258 pontificibus
629 2186 748 2251 sanctis,
766 2183 946 2239 scilicctSte·
999 2182 1828 2258 stridesuChristiraterniincendiisupplicioeoncremaa·

119 2280 226 2354 pheno,
242 2277 380 2341 adriano,
395 2276 517 2341 tonnae,
536 2274 681 2329 Formosa.
700 2272 742 2327 vol
759 2273 795 2328 nh
811 2272 877 2327 aliis
893 2289 944 2326 nn·
999 2272 1081 2338 duur,
1098 2270 1153 2326 aiei
1171 2273 1247 2343 quod
1263 2272 1340 2329 male
1356 2274 1494 2344 peccavit,
1510 2273 1598 2346 digne
1613 2275 1784 2331 correxerit
1794 2275 1827 2335 At

117 2367 313 2425 tecessoribus
329 2363 437 2420 nostris
453 2362 640 2434 pontificibus
656 2362 750 2417 eidem
767 2361 944 2416 manasterio
998 2376 1075 2426 vera,
1092 2361 1143 2433 qui
1157 2361 1205 2431 pio
1221 2361 1328 2417 intuitu
1345 2367 1456 2430 custos,
1475 2367 1505 2418 et
1519 2363 1690 2419 observater
1713 2363 1825 2419 entire

118 2472 290 2513 concessum
312 2458 366 2521 est,
388 2457 482 2508 totum
498 2451 553 2505 hoc
569 2450 598 2504 in
613 2449 760 2523 integrum
785 2448 946 2522 apostolica
999 2449 1036 2503 rit
1051 2448 1141 2520 hujus
1158 2450 1249 2504 nestri
1265 2452 1416 2521 apostolici
1433 2450 1576 2524 privilegii
1589 2450 1666 2507 hanc
1677 2452 1826 2507 confirma·

119 2545 291 2602 auctoritate
306 2542 388 2598 vobis
403 2540 565 2611 vestrisque
580 2537 944 2594 successoribusconcedi-
998 2537 1088 2593 tionis
1116 2538 1329 2595 benedictionis
1354 2540 1479 2612 gratiam
1505 2557 1523 2596 a
1550 2539 1825 2596 misericordissimo

119 2652 185 2691 arus
210 2639 239 2689 et
262 2633 481 2688 continuamus.
507 2628 642 2684 Ghrisma
663 2644 778 2699 quaque
798 2631 827 2682 et
846 2625 944 2681 oleum
995 2626 1095 2697 judice
1125 2626 1248 2683 llomina
1279 2634 1389 2697 nostro,
1419 2629 1568 2701 vitamque
1590 2634 1731 2686 uternam
1761 2645 1826 2687 enar

118 2728 287 2789 sanctum‚a
299 2714 805 2792 quacumqueecclesiavuluerit,vel
817 2714 945 2788 potnerit
998 2714 1136 2770 omnibns
1151 2713 1251 2772 electis
1271 2717 1322 2773 llei
1346 2718 1484 2790 consequi
1512 2722 1661 2773 mereatur
1675 2718 1704 2773 in
1723 2717 1828 2773 secula

119 2804 865 2881 licenteraccipiant,stataentesapostolicacensura
876 2821 945 2875 pre-
1001 2803 1186 2859 serculorum.
1202 2806 1306 2861 Amen.

118 2901 244 2974 cipimus
259 2904 292 2954 at
306 2897 405 2967 nullus
421 2896 489 2963 dux,
507 2895 647 2962 marchio,
661 2893 942 2961 comes,vicecnmes,
1032 2891 1179 2964 Scriptum
1195 2909 1246 2964 per
1261 2910 1367 2950 manus
1383 2895 1457 2951 Petri
1478 2894 1636 2968 regionarii
1665 2895 1785 2963 notarii,
1799 2900 1828 2952 st

118 2989 268 3046 castaldus
283 2986 326 3041 vel
339 2976 487 3059 'aliquavis
502 3001 609 3056 magne
625 3000 676 3039 seu
697 3000 785 3055 parva
808 2999 942 3053 persana,
998 2979 1131 3036 scrinarii
1147 2987 1255 3037 sanctie
1271 2983 1408 3039 ltomanae
1426 2983 1558 3040 Ecclesia
1575 2983 1605 3039 in
1622 3000 1727 3041 mense
1742 2983 1826 3051 uuo,

118 3079 213 3135 ullum
230 3074 433 3131 distriotnmin
444 3072 592 3146 aliquibus
603 3071 706 3128 castris
716 3071 810 3143 ipsius
821 3087 942 3126 manum
996 3068 1155 3124 indictione
1169 3071 1370 3145 suprascripta
1384 3089 1471 3128 nona.
1489 3073 1566 3128 Bene
1581 3070 1688 3129 valete.

118 3167 236 3233 habere,
253 3163 449 3236 adjudicare,
466 3179 518 3218 seu
541 3161 651 3231 aliquid
679 3159 817 3231 placitum
842 3145 978 3215 teneroC
1031 3158 1103 3212 Data
1117 3175 1144 3214 vr
1161 3157 1222 3214 llal.
1239 3158 1320 3214 Junii
1341 3178 1392 3232 per
1415 3178 1521 3216 manns
1543 3159 1668 3217 loannis
1694 3161 1826 3235 episcopi

118 3257 235 3324 audeat,
250 3252 306 3309 nisi
321 3253 357 3309 ab
372 3253 466 3325 ipsius
481 3248 648 3307 monasterii
674 3249 779 3304 abbate
801 3248 941 3303 invitatus
995 3250 1101 3302 sanctas
1115 3245 1289 3304 Albanonsis
1302 3249 1479 3318 Ecclesiaet
1492 3249 1710 3306 bibliothecarii
1722 3256 1825 3308 saneta

119 3345 215 3402 suerit.
243 3344 301 3399 lloc
321 3359 437 3415 quoque
461 3339 620 3412 apostolica
643 3337 814 3394 auctoritate
839 3336 941 3408 pruci—
995 3333 1159 3408 apostolica
1175 3335 1263 3404 sedis,
1280 3341 1309 3393 et
1324 3337 1474 3394 indiction.
1499 3356 1537 3406 ix,
1563 3355 1641 3395 enno
1666 3339 1775 3412 pontii.
1793 3339 1823 3396 e.

118 3435 225 3508 pianda
242 3433 402 3499 sancimus,
420 3434 452 3485 ut
475 3444 568 3500 neque
589 3427 768 3499 episcopum,
789 3425 833 3482 vel
850 3424 942 3481 alium

118 3539 296 3596 quemquam
312 3521 347 3576 do
363 3520 463 3575 ordine
480 3517 661 3583 elericorum,
688 3515 836 3582 ecclesias,
857 3532 941 3587 pero·

118 3611 209 3679 chias,
226 3610 324 3676 cellas,
342 3608 385 3664 vel
401 3607 518 3680 predia,
534 3605 578 3660 vol
594 3621 785 3677 quascumque
800 3603 873 3672 loca,
890 3621 941 3660 seu

118 3717 164 3756 res
180 3699 291 3772 prelati
308 3695 477 3752 monasterii
494 3696 606 3750 auterre
621 3698 672 3748 aut
687 3693 852 3748 abalienare
869 3709 942 3764 quo·

117 3791 161 3845 vis
176 3788 263 3844 modo
276 3790 443 3859 prasumat,
461 3789 511 3839 aut
527 3783 689 3855 quamlibet
703 3781 941 3850 controversiam,

117 3880 177 3934 sive
193 3877 344 3948 injuriam.
362 3892 413 3931 seu
430 3873 560 3945 aliquam
576 3870 675 3927 damni
688 3873 836 3942 jacturam
852 3872 882 3926 in
898 3887 941 3927 re·

116 3968 184 4035 bus,
201 3961 526 4037 possessionibusve,vel
544 3962 572 4016 in
589 3960 677 4017 nullis
694 3960 943 4028 utensilibus‚sive

117 4051 307 4120 ornamentis,
331 4052 468 4125 predicto
493 4048 671 4106 monasterio
697 4048 802 4105 interro
826 4049 942 4105 audeat.

118 4142 184 4198 llrec
199 4140 307 4207 omnia,
320 4157 384 4212 que
400 4138 536 4211 superius
552 4142 714 4193 memorate
729 4137 945 4206 sunt,videlieet

117 4228 418 4298 decimasprimitias,
434 4226 597 4283 oblationes
608 4227 645 4283 ad
662 4242 737 4298 sepe
752 4225 863 4281 dictum
879 4242 944 4282 me-

118 4318 279 4375 nastcrium
304 4317 493 4389 pertinentes,
512 4332 623 4371 necnon
648 4320 677 4371 et
701 4315 891 4387 baptismum,
916 4320 945 4372 et

117 4407 256 4475 chrisma,
273 4411 301 4462 et
316 4408 413 4462 oleum
429 4404 492 4473 tibi,
509 4404 614 4461 dilecto
640 4404 710 4473 tilio,
732 4405 876 4461 Winizoni
892 4405 945 4460 ab·

119 4496 310 4568 bati,tuisque
326 4494 766 4566 sueccssoribnsinperpetuum
783 4493 944 4566 apresenti
962 4515 984 4579 D

119 4604 196 4642 nona
212 4584 368 4641 indictione
385 4602 435 4656 pcr
450 4583 525 4638 hanc
541 4583 633 4638 nostri
650 4582 790 4655 privilegii
808 4581 945 4655 paginam

118 4675 278 4748 apostolica
293 4673 466 4729 anctoritate
482 4674 795 4743 conllrmamus‚atque
811 4671 947 4727 concedi·

120 4780 186 4819 mus
202 4763 364 4819 secundum
382 4760 552 4833 praedictum
570 4759 701 4826 modum,
719 4760 755 4816 ob
771 4758 826 4817 hoe
846 4760 946 4832 praci-

120 4869 186 4927 pue‚
206 4859 238 4908 ut
254 4852 283 4907 in
296 4851 397 4906 cadom
426 4847 602 4905 monasterio
618 4865 669 4920 piro
690 4847 849 4904 stabilitate
865 4849 946 4923 regni

120 4939 327 5014 gloriosissimi
344 4937 528 5011 imperatoris
554 4935 646 4992 nostri
670 4935 791 4992 Othonis
814 4938 902 5007 tertii,
919 4943 947 4994 et

155 5077 194 5148 (l)
218 5077 301 5130 Anno
330 5071 514 5129 christiaco
543 5069 700 5125 llerluinus
728 5068 948 5128 Cameracensis

121 5147 277 5220 episcopus
298 5146 395 5202 ltomae
411 5162 428 5199 a
443 5142 581 5215 Gregorio
596 5141 619 5196 V
634 5141 737 5223 pontit.
749 5145 946 5200 mamordina·

122 5222 252 5286 tuscum
269 5217 298 5272 in
314 5217 446 5272 Romana
461 5214 571 5287 synodo
581 5213 617 5269 de
627 5213 664 5269 irs
679 5213 728 5284 qui
742 5213 875 5270 Ecclesia
887 5233 948 5272 suas

121 5291 198 5346 hona
213 5290 390 5351 invaserant,
407 5290 585 5358 conquestus
609 5289 696 5350 essct,
714 5284 871 5356 Gregorius
887 5287 945 5360 pri·

122 5361 235 5435 vilegiis
259 5358 419 5415 Ecclesiam
443 5357 526 5413 illam
551 5354 723 5424 communit,
741 5355 947 5432 invasorcsque

122 5430 394 5488 excommunicavit.
411 5429 501 5500 Cujus
517 5427 556 5483 rei
573 5425 761 5494 mentionem,
774 5433 803 5484 et
817 5429 871 5485 Gre
893 5429 947 5485 orit

123 5502 237 5560 litteras
252 5503 338 5558 babet
349 5500 472 5558 baldrici
487 5498 616 5591 episcopi
636 5498 836 5579 Noviomeasis
856 5445 946 5558 Chro-

125 5574 210 5631 nicon
235 5573 285 5630 lib.
303 5589 389 5644 neap.
405 5574 422 5628 3
439 5589 445 5628 :
464 5594 479 5621 n
495 5570 576 5638 bain,
592 5569 807 5652 mqmt,habita
819 5571 892 5629 inibi
903 5590 947 5647 sy-

126 5645 201 5706 nodo
216 5661 285 5705 eum
299 5644 484 5725 imperatore,
501 5658 577 5724 papa
591 5640 735 5723 residente
751 5657 819 5706 cum
834 5643 946 5726 episco-¹

995 3424 1125 3496 Gregorii
1148 3425 1258 3480 summi
1282 3427 1439 3498 pontificis,
1463 3431 1492 3482 et
1515 3427 1691 3484 universalis
1708 3429 1742 3483 a.
1759 3426 1822 3494 PF..

996 3528 1072 3567 anno
1096 3513 1200 3585 primo,
1217 3513 1321 3587 imper.
1347 3515 1380 3570 D.
1406 3516 1520 3573 Othone
1544 3533 1562 3572 a
1584 3515 1645 3572 Deo
1673 3520 1823 3585 coronata,

997 3618 1162 3673 magnoque
1177 3619 1254 3659 anno
1270 3603 1364 3676 primo
1381 3621 1481 3661 mense
1497 3605 1583 3673 Maia,
1600 3609 1629 3660 et
1644 3605 1751 3661 indict.
1775 3622 1821 3661 su·

997 3689 1166 3763 prescripta
1177 3691 1364 3764 subscripsit.

1033 3778 1222 3836 Theobaldus
1236 3779 1392 3854 episcopus
1407 3781 1436 3838 S.
1454 3781 1634 3838 bellitrensis
1650 3781 1798 3839 Ecclesia.

1033 3868 1144 3936 Petrus,
1162 3868 1316 3941 episcopus
1330 3871 1360 3926 S.
1374 3871 1542 3928 Praenestin.
1559 3870 1673 3928 becles.

1032 3957 1116 4024 Azzn,
1135 3956 1225 4028 episc.
1244 3958 1274 4013 S.
1292 3958 1435 4015 Ostiensis
1451 3958 1596 4015 Ecclesia.

1032 4045 1124 4111 Abba,
1141 4045 1365 4104 archidiaconus
1378 4052 1486 4104 sancta
1502 4048 1586 4104 Rom.
1602 4048 1757 4105 lleelesire.

1033 4134 1228 4203 crescentius,
1257 4135 1478 4203 ablationarius,
1509 4140 1617 4194 saneta
1651 4138 1739 4194 Rem.
1776 4135 1821 4191 lle·

999 4223 1106 4281 elesius.

1033 4311 1132 4368 Amice
1145 4311 1189 4366 vir
1202 4328 1296 4370 vener.
1307 4317 1466 4389 presbyter,
1482 4320 1511 4372 et
1523 4316 1602 4372 card.
1620 4321 1733 4372 sanctu
1745 4316 1818 4371 boni.

1002 4403 1149 4461 Ecclesia.

1406 4493 1431 4549 ll

1071 4601 1188 4642 ancona
1209 4599 1321 4639 rrirrav
1341 4599 1528 4639 anrvrscnruu
1548 4598 1604 4639 ano
1626 4599 1760 4638 scansus

1283 4690 1480 4729 cluanensem
1500 4674 1548 4745 (l).

1327 4761 1510 4835 (annosae.)

1171 4850 1265 4925 [Apud
1282 4850 1375 4905 Mansi
1392 4850 1494 4906 Cooctt.
1511 4847 1579 4914 xlx,
1594 4849 1656 4924 28.]

1035 4942 1202 4998 (laecanius
1217 4938 1382 5012 episcopus,
1398 4953 1668 4995 servusiservorum
1686 4935 1821 5007 ceintu-

999 5074 1238 5218 tltrrtbtttlte
1252 5070 1824 5225 ttttttttatttltttttttttb

1000 5236 1056 5291 pus
1072 5213 1398 5290 surgens‚populatares
1413 5231 1474 5270 sure
1507 5213 1632 5271 ameum
1649 5230 1721 5272 cam
1735 5213 1823 5288 grui·

1000 5295 1059 5346 tate
1074 5286 1263 5361 querimoniae
1279 5285 1427 5341 indicarit.
1444 5231 1506 5342 sel
1515 5290 1544 5341 et
1558 5285 1638 5357 quod
1652 5302 1750 5357 nuper
1763 5300 1833 5358 opes-

1000 5361 1045 5417 sui
1062 5357 1265 5427 antecessoris,
1282 5363 1314 5411 ut
1329 5356 1536 5429 premisimus,
1553 5355 1737 5414 aWeltltero
1752 5355 1823 5412 et'slt

1001 5432 1067 5488 aliis
1081 5432 1247 5487 devastatas
1262 5427 1445 5500 repererit,in
1461 5425 1829 5500 medioproolamutionem·

1002 5501 1115 5560 extulit.
1131 5501 1213 5560 Unde
1228 5516 1303 5583 papa
1316 5499 1519 5567 confirmante,
1534 5498 1624 5556 imae
1647 5498 1766 5573 isnnpis,
1781 5497 1823 5554 rb

1000 5575 1128 5642 batibus,
1145 5576 1260 5628 cunctis
1275 5587 1392 5645 quoque
1407 5571 1458 5645 qui
1475 5570 1515 5628 ibi
1530 5569 1626 5628 reside
1701 5613 1711 5645 ,
1727 5585 1824 5629 anea·

1003 5645 1158 5725 tientibus,
1173 5665 1187 5698 n
1205 5646 1260 5706 cto.
