3900 6090
124 275 185 332 ΤΠ
694 269 744 329 DE
767 268 986 331 ELECTIDNE
1009 271 1041 330 S.
1065 270 1259 331 DDlLDNiS.
1770 258 1830 332 'ii8

124 405 318 460 commissum
334 403 379 459 cui
397 403 433 474 pt)
449 402 653 469 committeret,
672 402 769 458 taliter
784 419 832 457 cos
858 401 948 456 tuisse
962 400 991 469 Ἀ
1007 404 1192 469 trabis.Quos
1209 407 1241 457 ut
1256 402 1421 470 absolvit,et
1436 402 1632 459 sanctissimis
1647 403 1830 459 orationibus

126 494 235 550 dieitur
251 493 379 548 aliatus:
401 517 410 541 u
428 493 530 548 iesum
547 508 697 547 summum
711 495 858 564 pastorem
875 492 954 547 bunc
1009 491 1201 559 confirmavit,
1228 507 1244 546 a
1269 491 1418 546 communi
1439 489 1584 547 locutione
1608 491 1742 547 cessavit.
1762 489 1829 548 iem

127 581 274 638 babebitis
289 585 493 653 protectorem.
511 603 525 630 »ι
543 579 786 653 Peregrinationis
802 596 870 651 ergo
885 578 955 651 quie
1008 577 1138 634 humane
1154 579 1335 652 despiciebat
1349 584 1378 635 et
1393 596 1512 635 sursum
1538 579 1638 635 oculos
1661 578 1697 635 ad
1723 579 1829 636 coslum
1929 603 1933 607 ·

125 671 280 727 deserebat
295 669 440 740 exsilium,
457 671 536 725 etad
552 669 702 742 proprium
718 666 803 724 latus
815 669 954 740 pergebat
1008 667 1146 740 erigebat,
1164 669 1340 741 eosdemque
1354 668 1513 724 versiculos
1528 685 1623 741 usque
1641 668 1678 724 nd
1700 667 1829 742 exspira·
1870 726 1873 729 Α

125 759 320 826 domicilium;
333 759 397 813 ideo
412 760 544 831 gaudens
554 759 608 814 hoc
621 755 953 829 irequentabatversicu-

125 848 169 904 los
187 866 192 902 :
211 851 332 915 Domine,
354 848 444 902 dilexi
466 847 587 903 decorem
608 847 702 901 citimus
731 854 784 901 ture
811 853 837 901 et
865 845 953 901 locum

124 938 302 993 linbilationis
317 938 415 1007 ploriic
437 944 502 1002 troc,
519 940 574 989 etc.
601 935 686 1003 Quom
706 934 804 989 dilecto
826 934 951 989 teterrin-

123 1029 188 1082 euto
217 1035 275 1090 tau,
302 1027 417 1080 Domine
444 1027 586 1090 virtutum,
617 1025 783 1094 sororapiseit
809 1031 835 1078 et
863 1023 954 1094 itefieit

123 1118 220 1172 anieno
232 1131 293 1170 meo
310 1116 340 1169 io
355 1116 428 1169 cirili
442 1115 564 1183 Deoiioi,
580 1117 635 1169 etc.
656 1113 732 1184 Eicpi
754 1113 871 1184 objectus
894 1127 951 1167 esec

125 1207 155 1261 in
168 1205 246 1261 domo
261 1205 310 1260 Dei
321 1204 377 1259 mei
390 1204 478 1273 meeis
492 1219 575 1274 quom
588 1201 748 1258 lectitarein
764 1200 950 1256 interimentia

120 1301 303 1367 peccatoram.
322 1295 366 1348 lta
381 1292 439 1348 Deo
455 1294 632 1366 protegente,
649 1290 786 1345 omnibus
813 1291 858 1345 sui
884 1306 948 1346 cor·

125 1383 205 1455 poris
229 1380 370 1438 membris
394 1380 516 1454 integris
541 1385 628 1452 atque
652 1378 783 1446 illibatis,
811 1378 948 1451 preclaro

124 1471 237 1527 scilieet
251 1470 315 1526 visu
326 1486 458 1542 puroque
473 1469 586 1535 auditu,
605 1485 678 1524 sans
702 1467 855 1534 memorie,
872 1467 949 1523 sieut

122 1560 218 1616 iuerat
233 1560 346 1631 integer
361 1576 378 1613 a
393 1558 578 1629 corruptione
595 1556 840 1624 earnis,nesciens
852 1555 946 1612 labem

120 1649 198 1704 nivei
211 1648 342 1721 pudoris,
359 1646 538 1719 pervenitad
554 1647 674 1713 exitum,
691 1644 857 1700 immortale
876 1646 947 1700 ade-

120 1742 226 1808 pturus
242 1737 487 1809 compendiuin.A
502 1736 643 1791 iratribus
658 1752 694 1790 an
710 1733 820 1805 aliquid
836 1733 946 1789 doleret

121 1827 329 1899 interrogatus,
348 1824 498 1897 respondit
515 1823 587 1877 nihil
604 1839 634 1878 so
659 1823 766 1877 habere
791 1822 942 1890 molestiis,

118 1917 170 1972 sed
186 1916 285 1971 omnia
301 1914 400 1986 quieta
415 1917 442 1968 et
453 1911 614 1984 tranquilla
629 1911 834 1983 perspicerect
848 1911 944 1967 videro

1007 757 1115 813 tionem
1133 757 1237 812 animm
1253 756 1447 828 repetebat,ut
1458 754 1829 830 aureappositavixaudiri

1006 850 1107 917 posset
1129 847 1207 917 quod
1232 846 1356 901 dicebat.
1374 846 1498 916 Signum
1522 849 1712 901 acrosancta
1732 845 1829 901 erucis

1007 935 1113 1006 sapius
1129 936 1230 989 dextra
1244 940 1345 988 sarreia
1360 934 1415 989 sibi
1432 935 1617 1006 depingebat.

1041 1069 1098 1123 Nec
1114 1067 1226 1140 patitur
1239 1068 1373 1124 Christus
1388 1068 1510 1124 charum
1526 1086 1577 1140 per
1592 1067 1678 1126 saecla
1690 1069 1827 1125 clientem

1040 1156 1091 1213 Vel
1106 1162 1242 1230 torquere
1257 1157 1318 1225 diu,
1335 1160 1453 1230 partove
1467 1157 1609 1214 absistere
1624 1175 1713 1231 regno
1729 1176 1736 1213 :

1040 1244 1212 1319 Martyrium
1229 1244 1275 1301 eui
1291 1245 1351 1301 vita
1366 1246 1432 1315 init,
1450 1245 1521 1318 quin
1538 1244 1614 1302 mole
1628 1246 1763 1303 laborum

1040 1334 1193 1391 Deiessum
1208 1333 1311 1390 invitat
1327 1330 1449 1407 superas
1464 1336 1631 1391 moderator
1645 1334 1675 1391 in
1690 1351 1782 1393 areos.

1040 1422 1166 1495 Spiritus
1182 1423 1300 1479 arctatis
1314 1423 1420 1479 ardens
1435 1416 1583 1497 emergere
1598 1423 1702 1482 vinclis

1039 1512 1160 1579 Dniicat,
1177 1515 1206 1568 et
1221 1511 1348 1585 liquidas
1363 1512 1438 1568 libor
1452 1512 1629 1569 transfertur
1645 1514 1675 1571 in
1691 1532 1788 1584 auras,

1038 1601 1228 1673 liqmnizante
1245 1600 1311 1674 polo
1328 1600 1486 1674 laetumque
1502 1601 1647 1676 alalagma
1661 1591 1791 1661 canente.

1038 1690 1206 1761 Sapserunt
1221 1690 1343 1746 comites
1358 1690 1432 1746 miro
1448 1691 1602 1764 splendore
1615 1693 1746 1766 superni,

961 1774 984 1838 B
1035 1777 1239 1850 Victoremquc
1254 1779 1350 1834 ierunt
1366 1781 1448 1836 trans
1464 1779 1549 1851 ignca
1565 1780 1662 1837 sidere
1676 1779 1789 1848 letum,

1035 1866 1070 1920 ot
1084 1867 1194 1922 sistunt
1210 1865 1282 1922 solio
1298 1867 1407 1921 summi
1424 1884 1476 1939 por
1490 1867 1596 1924 saecula
1611 1869 1707 1942 Degis.

118 2005 197 2061 bona
213 2003 328 2059 Domini
340 2002 370 2057 in
387 2008 464 2057 terra
478 2000 649 2055 viventium.
665 2000 747 2055 Tunc
762 2005 828 2055 ante
845 1999 942 2072 ipsum
1034 1999 1177 2055 Dormirit
1192 2016 1257 2054 vero
1273 2016 1340 2055 eum
1356 1999 1489 2071 patribus
1505 1999 1566 2054 suis
1583 2018 1600 2056 v
1617 1999 1722 2055 iduum
1737 2000 1838 2059 Maia.

118 2094 148 2149 in
166 2098 274 2148 terram
290 2091 439 2164 prostrati,
456 2106 523 2146 eum
546 2089 643 2144 taliter
666 2094 817 2162 coeperunt
841 2090 944 2162 depre-
999 2105 1084 2157 rum;
1102 2087 1295 2161 sepultusque
1310 2093 1355 2144 est
1369 2089 1398 2143 in
1414 2087 1537 2145 basilica
1552 2089 1582 2144 D.
1600 2089 1744 2161 Petri,ubi
1759 2091 1824 2162 ejus

117 2182 188 2238 cari.
205 2181 263 2237 Nos
279 2180 330 2236 tibi
345 2178 530 2245 commissos,
542 2183 625 2250 pater
639 2177 943 2251 beatissime,paterno
998 2176 1196 2234 sanctissimis
1210 2176 1323 2232 meritis
1339 2177 1823 2250 multnprsstanturbeneficiare·

118 2287 199 2325 more
213 2268 342 2337 absolve,
358 2267 555 2324 sanctissimis
570 2267 630 2322 tuis
644 2267 827 2323 orationibus
847 2270 942 2322 tuere.
997 2270 1106 2340 guanto
1121 2267 1336 2339 inperpetuum
1353 2267 1477 2323 Domino
1494 2273 1594 2324 nostro
1609 2268 1680 2325 iesu
1694 2268 1821 2338 Christo,

118 2359 205 2415 Fides
217 2357 296 2413 enim
310 2361 362 2412 tua
376 2361 405 2413 ot
420 2372 509 2429 opera
524 2361 551 2411 te
568 2355 684 2411 Christo
700 2354 865 2410 sociant:ot
879 2356 943 2411 idco
999 2356 1190 2411 euiestcum
1205 2354 1332 2412 Petroet
1357 2356 1468 2428 Spiritu
1488 2361 1590 2414 saneto
1609 2356 1824 2428 hanor,virtus
1904 2348 1908 2353 “

118 2447 262 2520 quidquid
279 2446 315 2502 ab
331 2461 365 2501 eo
380 2443 555 2518 postulabis,
572 2460 699 2516 presens
715 2442 829 2500 iacilius
853 2443 944 2517 impe·
998 2448 1027 2498 et
1042 2443 1137 2516 gloria
1152 2460 1203 2515 per
1217 2443 1395 2500 immortalia
1410 2445 1583 2502 sacculorum
1600 2446 1822 2505 aesculanmen.

155 2574 193 2644 (9)
210 2573 243 2626 bt
259 2575 356 2627 tamen
373 2572 437 2643 jam
460 2575 528 2625 ante
555 2568 714 2624 triennium
745 2567 828 2625 Ddilo
852 2569 943 2626 abbas
996 2568 1230 2626 Archambaldus
1247 2568 1354 2624 dicitur
1370 2570 1405 2625 ab
1417 2569 1538 2626 Ddilone
1552 2570 1761 2628 silviniacensis
1772 2573 1825 2628 toei

119 2644 291 2715 designatus
316 2644 411 2698 iuerat
433 2658 468 2697 ex
492 2641 578 2696 dictis
603 2640 633 2695 in
647 2638 757 2711 Elegio.
774 2639 815 2695 Dc
830 2643 942 2712 proteo·
995 2643 1129 2714 provisor.

118 2719 181 2771 tore
196 2715 294 2787 itaque
309 2730 342 2770 ac
358 2719 479 2786 patrono
495 2711 705 2768 intellihendus
721 2711 767 2766 hic
787 2711 878 2767 locus.
895 2711 943 2768 Sic

652 3027 904 3117 sturmo
934 3030 981 3117 s.
1011 3026 1288 3138 oorcoms

616 3208 732 3269 Viomte
754 3217 854 3270 sonato
878 3206 992 3270 Moiolo
1015 3206 1120 3269 etatae
1145 3205 1169 3269 C
1172 3204 1336 3268 iunioceasi

879 3373 973 3439 (Anno
987 3369 1063 3442 988.)

155 3630 263 3686 Ordine
280 3630 381 3686 divinia
398 3630 701 3704 dispensationiscum
713 3630 841 3701 primum
853 3630 981 3700 saerisc
1001 3645 1089 3685 neum
1105 3629 1295 3700 persentisco,
1310 3627 1386 3681 beati
1413 3628 1558 3683 llenedicti
1580 3629 1762 3700 capitulatim
1788 3632 1823 3702 dc

119 3717 235 3791 legibus
251 3735 268 3772 a
283 3719 457 3791 patriarchis
469 3725 497 3775 et
513 3717 945 3792 prophetis,tumetiambuma·
1000 3715 1203 3774 constituendo
1216 3715 1320 3769 abbate
1336 3713 1530 3771 sollieitudine
1546 3718 1822 3787 praemonituscum

119 3807 167 3862 nis
183 3806 392 3863 consulibuset
405 3808 523 3880 regibus
535 3805 947 3879 motuspopulorumcompri-
1000 3805 1137 3863 omnibus
1158 3803 1298 3859 iratribus
1321 3802 1405 3870 mois,
1424 3803 1501 3872 llliis,
1519 3807 1547 3861 et
1570 3806 1727 3874 conservis,
1745 3808 1823 3863 beati

121 3903 331 3969 meretur,post
346 3902 476 3969 tempore
491 3897 635 3952 incarnati
651 3895 737 3952 Verbi
753 3897 838 3968 ignea
852 3897 947 3952 rhom-

121 3985 241 4059 phmaiu
253 3985 326 4040 ostio
336 3984 465 4058 paradisi
476 3984 554 4041 iente
565 3983 665 4041 lateris
676 3984 782 4039 Christi
792 3985 946 4053 exstincta,

120 4078 153 4130 ut
163 4090 288 4146 regnum
300 4074 350 4130 Dei
359 4073 518 4129 violentius
531 4079 689 4145 raperetur,
697 4072 783 4147 coepit
794 4078 889 4130 status
900 4075 949 4129 Ec-

1002 3896 1120 3969 quidem
1137 3894 1213 3949 Petri
1228 3892 1755 3966 pridemclerieumiratrometDlium
1764 3911 1824 3953 mo

1004 3983 1106 4041 nachis
1121 3981 1275 4038 Ddilonem
1292 3980 1461 4054 religiosum
1476 3981 1629 4055 elegimus,
1646 3985 1675 4039 et
1690 3983 1826 4057 abbatem

1004 4090 1068 4130 esse
1084 4071 1280 4139 decernimus,
1299 4087 1334 4125 ne
1352 4070 1509 4127 insolentia
1525 4076 1630 4128 nostrie
1645 4069 1828 4131 inilrmitatis

120 4162 279 4218 etesiarum
296 4163 331 4218 ab
342 4162 511 4235 apostolicis
522 4162 591 4217 viris
600 4160 656 4235 piis
673 4163 951 4241 moribusiniorma·
1005 4162 1075 4218 ordo
1091 4161 1295 4229 deterescat,et
1310 4157 1457 4231 repulsum
1475 4159 1504 4214 in
1520 4159 1619 4233 aliquo
1630 4161 1760 4234 patiatur
1771 4163 1831 4221 Deo

119 4252 315 4320 ri,etdemum
325 4251 556 4307 asaerisiiriset
566 4251 949 4307 abbatibusinsubditorum
1006 4249 1132 4323 propitio
1147 4266 1264 4322 sempor
1277 4249 1313 4304 ad
1330 4247 1451 4304 meliora
1466 4249 1679 4322 provehendus.

119 4339 271 4395 mentibus
283 4338 426 4413 regularis
437 4340 506 4396 ordo
522 4340 648 4410 disponi,
659 4345 826 4412 uipereum
837 4357 953 4395 curren-
1042 4340 1078 4394 Et
1092 4355 1127 4394 no
1143 4338 1279 4394 technam
1300 4337 1425 4410 alicujus
1449 4339 1647 4395 excusationis
1670 4341 1830 4413 praetendat

119 4430 203 4485 tibus
214 4429 307 4485 iacilis
318 4429 444 4485 eoelestis
459 4429 559 4502 patriai
569 4429 716 4485 videretur
729 4447 877 4485 aseensus.
891 4431 951 4485 Sic·
1008 4430 1087 4502 (nam
1103 4428 1179 4483 sicut
1193 4427 1261 4498 quis
1275 4426 1394 4500 indigue
1409 4427 1445 4482 ad
1462 4427 1592 4499 regimen
1607 4427 1743 4484 incautus
1751 4429 1832 4501 aspi·

121 4535 180 4590 que
192 4518 237 4582 m,
247 4521 278 4573 ut
289 4521 399 4591 quanto
411 4519 478 4590 quis
492 4534 543 4590 por
558 4517 690 4590 exempla
701 4519 818 4590 pietatis
833 4523 953 4590 paterno
1009 4517 1108 4585 rat,ita
1122 4517 1146 4571 si
1158 4515 1574 4588 quisdignusreiugit,merito
1586 4515 1832 4590 constringendus

121 4606 205 4662 eultu
216 4623 248 4661 se
258 4606 295 4662 nd
306 4607 544 4680 excelsacrigens
552 4607 736 4679 processerit,
748 4608 953 4664 etsubditisad
1009 4605 1505 4678 babeturoonsiliumepiscoporum
1514 4609 1541 4660 ot
1550 4606 1690 4661 abbatum
1701 4606 1832 4662 adhibui·

121 4693 253 4750 emlestia
265 4696 404 4768 sequendi
418 4696 557 4752 ducatum
570 4696 821 4769 praebuerittanto
836 4713 956 4751 aremu·
1010 4693 1832 4764 musilltsieutClriniaeenscmonasteriuchoauctore,

122 4787 259 4838 necatore
281 4783 404 4840 Domino
426 4784 579 4856 multiplex
599 4785 740 4840 mercedis
764 4791 792 4839 et
808 4784 957 4841 filiationis
1011 4803 1028 4841 a
1043 4783 1197 4841 Guillelmo
1211 4785 1285 4839 duee
1300 4784 1466 4847 laudatum,
1483 4783 1601 4838 nomine
1617 4781 1833 4857 principisapo·

123 4876 213 4929 senos
238 4873 388 4945 percipiet.
414 4874 448 4928 Et
468 4874 607 4946 quoniam
629 4875 665 4927 nd
686 4873 820 4945 praelatos
839 4876 958 4947 respicit
1012 4874 1155 4931 stolorum
1171 4878 1330 4939 sacratum,
1348 4871 1506 4944 privilegiis
1521 4872 1658 4927 Romane
1673 4872 1751 4928 sedis
1765 4872 1836 4929 insi·

126 4960 276 5034 quidquid
294 4978 311 5015 a
327 4962 456 5016 subditis
472 4961 661 5033 delinquitur,
678 4961 843 5034 exemplum
864 4980 958 5035 provee
1013 4963 1141 5036 gnitum,
1157 4961 1305 5034 regalibus
1320 4961 1471 5033 preceptis
1482 4961 1699 5030 confirmatum,
1716 4979 1733 5018 e
1752 4958 1848 5018 reve-¹

123 5051 192 5105 vitae
206 5055 235 5103 et
251 5048 460 5123 negligentiam
482 5051 679 5118 subditorum,
702 5051 847 5106 sententia
869 5052 958 5106 divini
974 5008 996 5071 D
1014 5051 1113 5107 rendis
1136 5066 1253 5121 quoque
1279 5039 1434 5105 abbatibus
1459 5051 1567 5106 domno
1591 5049 1722 5107 Bernone
1747 5056 1835 5125 atque

123 5137 365 5211 examinis‚igmis
381 5137 523 5210 gehenna
540 5138 956 5206 inexhaustusvindient.0ua·
1011 5140 1120 5206 Ddene,
1137 5155 1248 5194 necnon
1266 5139 1428 5210 llaymardo
1450 5138 1619 5194 ordinatum
1644 5145 1777 5209 constat,
1794 5141 1836 5196 ita
1872 5171 1877 5174 a

126 5233 250 5301 propter
264 5246 318 5301 ego
334 5227 461 5284 Maiolus
479 5229 509 5284 S.
527 5228 601 5283 Petri
619 5227 820 5283 Cluniaceusis
835 5228 959 5283 coenoliii
1014 5244 1080 5282 eum
1096 5227 1233 5282 omnibus
1249 5227 1460 5291 abbatiis,loeis
1474 5231 1502 5283 et
1515 5227 1596 5283 cellis
1608 5227 1719 5284 ubiubi
1734 5215 1836 5285 eorum

126 5317 221 5372 abbas
232 5315 574 5388 indignuspraesentibus
587 5321 674 5387 atquc
687 5315 960 5388 tuturisgeneratim
1014 5314 1058 5372 vel
1069 5318 1169 5370 nostro
1180 5318 1311 5388 tempore
1325 5316 1489 5387 acquisitis,
1503 5317 1640 5388 predicto
1659 5317 1741 5373 fratri
1756 5316 1837 5373 ordi·

126 5409 233 5460 notum
250 5421 315 5460 esse
330 5403 407 5470 volo,
424 5405 494 5476 quia
515 5403 575 5459 hiae
591 5410 619 5459 et
635 5403 839 5475 hujuscemodi
865 5407 962 5460 mente
1017 5403 1467 5475 nandumtradimus,atquetam
1475 5406 1510 5461 ad
1519 5406 1652 5462 ordinem
1662 5406 1837 5463 servandum

128 5497 317 5567 pertractans
335 5498 419 5549 atate
429 5493 726 5565 defatigatus,oilieiis
739 5510 854 5566 quoque
866 5511 964 5565 corpo·
1018 5492 1180 5550 secundum
1196 5493 1314 5547 boatum
1328 5492 1517 5550 Benedictum
1533 5499 1561 5551 et
1571 5494 1707 5552 instituta
1720 5499 1838 5567 patrum

129 5581 175 5644 ris
193 5582 382 5652 imminutus,
400 5583 470 5638 dum
487 5582 587 5638 minus
602 5599 649 5638 me
660 5582 799 5657 pastorali
814 5599 885 5641 cura
899 5582 965 5644 ido·
1024 5588 1192 5642 nostrorum
1208 5581 1344 5657 quemad
1360 5582 1854 5662 rastisponendassubomniinta·

296 5711 433 5782 Parioi.
456 5710 629 5778 dxxxvii.
1640 5714 1688 5803 St
