3900 6090
118 283 180 345 dii
371 279 636 345 luraooucmo
658 280 931 344 Mouauuouuu
954 279 993 343 IN
1016 279 1304 347 Meuls'luulttll
1327 281 1577 351 MOSOMENSE.
1764 285 1823 347 tls

79 444 83 450 ·
119 402 310 482 minatis,cui
325 414 415 470 vitam
430 419 601 488 extorquere
614 414 722 471 vultis?
737 414 867 486 Denique
889 412 1128 481 nouAlebrium
1161 415 1287 486 graviter
1315 418 1489 490 exagitatus
1511 418 1658 475 sincerum
1687 418 1822 473 affectum

119 501 164 558 sic
174 501 393 575 promerui.sed
405 503 588 576 perditorum
602 503 755 559 hominum
771 501 872 558 dolosa
883 518 948 558 eon·
1002 517 1101 556 mcum
1110 502 1411 570 ciroate,dulcissime
1421 507 1669 579 frater,explieare
1682 524 1740 563 non
1751 507 1824 563 satis

119 588 189 648 silis
203 607 321 666 semper
334 591 406 666 lugi,
423 609 457 649 ae
471 592 562 666 fugio,
580 611 637 649 uon
658 594 695 649 de
708 593 790 650 robis
805 593 880 647 dico.
893 592 947 646 lte-
1002 589 1092 646 valeo.
1105 591 1164 648 Hoc
1183 596 1298 649 tantum
1323 594 1467 668 significo,
1484 596 1606 668 impera,
1617 596 1824 669 obsequemur,

119 679 294 749 cordamini,
312 680 381 753 quia
396 680 493 737 dicitis
507 685 540 736 ut
555 683 699 750 recorder,
711 681 782 755 quid
797 680 947 737 vobiscum
1002 678 1099 751 sitque
1123 684 1223 736 nostra
1246 683 1376 738 amicitia
1400 684 1501 739 eadem
1527 684 1598 741 velle
1621 689 1709 757 atque
1722 685 1824 740 cadom

115 767 297 839 ,contulerim
313 769 349 825 de
367 773 463 825 vostra
478 769 657 838 salutc‚cum
673 769 803 843 primum
818 786 871 826 uos
886 768 947 824 adi·
1003 767 1131 824 nolielit
1143 768 1212 841 quia
1223 768 1410 843 intergrares
1427 777 1517 829 estus
1535 789 1672 829 curarum
1687 771 1749 829 sola
1760 771 1825 845 pbi-

118 856 185 923 stis,
193 857 264 929 quid
275 857 390 913 consilii
402 858 532 937 dederim
548 876 636 931 super
646 859 789 915 adeundis
799 858 879 932 regui
888 857 947 930 pri·
1002 854 1136 928 losopbia
1146 857 1230 929 quasi
1243 861 1389 931 quoddam
1402 861 1563 916 remedium
1576 878 1640 917 esse
1653 859 1827 934 potest,ubi·

120 944 262 1003 malibus.
276 947 351 1003 Nam
367 947 433 1020 quis
447 964 537 1015 cram,
556 953 587 1003 ut
602 948 683 1004 solus
702 964 800 1021 regem
817 948 947 1019 impone·
1003 960 1128 1016 cumque
1143 951 1240 1017 partes
1255 949 1320 1018 ojus
1336 948 1519 1020 imper-lectas
1529 949 1682 1016 babemus,
1692 948 1827 1022 suppleat

119 1052 183 1092 rem
199 1034 340 1091 Francis?
355 1035 474 1092 Publica
488 1041 558 1092 sunt
581 1037 642 1092 bac
661 1037 786 1110 nogotia,
805 1053 862 1092 non
889 1035 948 1109 pri·
1003 1033 1149 1090 industria
1166 1037 1324 1091 vestradd
1340 1055 1469 1109 presens
1484 1042 1581 1093 autem
1597 1037 1747 1093 rescribite
1762 1042 1826 1092 tan·

119 1128 199 1180 rota.
216 1123 318 1180 Odisse
334 1141 381 1179 me
396 1125 506 1197 putatis
521 1126 634 1198 regium
652 1125 764 1198 genus?
779 1126 883 1179 Testor
899 1124 949 1178 lle-
1002 1126 1066 1177 tum
1082 1123 1160 1194 qued
1176 1123 1256 1179 deest
1271 1124 1356 1180 nobis
1370 1125 1399 1179 iu
1417 1125 1510 1197 primo
1530 1126 1676 1182 volumine
1692 1125 1827 1181 secunde

119 1212 305 1285 demptorem
322 1229 421 1269 mcum
437 1214 507 1286 quia
523 1231 579 1268 uon
596 1214 654 1268 odi.
672 1214 745 1279 Quid
761 1213 947 1285 potissimum
1003 1211 1140 1266 editionis
1151 1213 1241 1266 boetii
1258 1214 1287 1268 iu
1305 1213 1379 1269 libro
1391 1214 1464 1269 Petri
1478 1214 1717 1282 hermenias,hoc
1731 1217 1775 1269 est
1790 1213 1828 1268 ab

118 1301 205 1358 vobis
219 1300 433 1358 sitiaeiendum
446 1301 653 1376 queritislloc
664 1319 732 1358 curn
742 1301 861 1357 difficile
869 1300 948 1355 dictu
1003 1315 1037 1355 eo
1052 1299 1114 1356 loco
1125 1301 1174 1355 ubi
1187 1301 1394 1374 scriptumest.
1406 1304 1464 1358 Noa
1476 1304 1564 1360 currit
1575 1320 1637 1359 vero
1649 1311 1675 1359 et
1686 1318 1741 1358 oca
1757 1302 1829 1358 lutto·

120 1389 233 1458 sit,nec
244 1390 316 1447 satis
327 1390 397 1459 scio,
410 1408 463 1447 nec
480 1391 505 1446 si
523 1390 614 1447 sciam
626 1388 950 1447 dicoreeusim.ll1uici-
1003 1396 1055 1443 rat.
1067 1390 1127 1444 Noa
1142 1391 1253 1446 verbum
1267 1391 1326 1448 dico
1349 1409 1411 1448 mm
1434 1394 1571 1464 siqaifieot
1589 1392 1698 1465 quidem
1712 1400 1827 1464 tempus,

116 1478 192 1556 tiam
202 1495 299 1537 meam
321 1480 499 1553 exposcitis?
516 1480 633 1536 Utinam
649 1480 686 1535 ad
712 1481 751 1535 sit
766 1496 799 1537 ea
813 1480 876 1536 dies
891 1495 949 1550 qua
1003 1479 1145 1550 usquead
1158 1496 1225 1535 eum
1245 1480 1402 1536 locumubi
1414 1481 1600 1553 dieitur,ipec
1612 1481 1720 1554 quidem
1731 1497 1827 1536 secura-

119 1566 244 1626 boneste
258 1567 345 1625 liceat
353 1568 458 1644 vestris
473 1568 613 1625 interesse
636 1568 794 1641 obsequiis.
812 1566 950 1634 Quemvis
1003 1566 1069 1622 dum
1082 1584 1111 1622 re
1125 1568 1292 1625 dictaveris
1305 1572 1417 1626 nomino
1429 1578 1503 1634 scat,
1514 1579 1540 1627 et
1551 1572 1709 1642 sipotfimot
1721 1568 1829 1642 aliquid

120 1656 202 1715 enim
217 1657 420 1713 sanctuarium
430 1656 546 1713 Domini
557 1657 753 1729 pervaseritis,
761 1656 891 1730 reginam
902 1656 949 1712 cui
1003 1655 1048 1711 bic
1059 1660 1215 1729 praeceptis,
1231 1657 1308 1714 idem
1326 1663 1408 1730 parte
1425 1658 1587 1716 deficientis
1612 1657 1827 1715 commentarii.

121 1763 186 1820 que
195 1745 471 1819 novimnsjurastis,
480 1745 769 1818 comprehenderitis,
779 1745 948 1819 episcopum
965 1787 990 1854 B
1005 1744 1141 1800 beneficii
1170 1748 1258 1803 vestri
1286 1764 1344 1803 non
1372 1747 1483 1804 erimus
1511 1747 1708 1816 immemores,
1740 1748 1829 1804 tidem

121 1833 350 1893 Lcudunensem
365 1835 474 1892 carceri
489 1833 734 1908 mancipaveritis,
746 1835 949 1908 episcoporum
1005 1838 1103 1889 mente
1117 1840 1286 1908 conceptam
1301 1853 1358 1892 non
1374 1838 1553 1906 deseremus,
1567 1838 1645 1909 quod
1660 1837 1762 1893 voletis
1777 1853 1829 1909 pro

121 1924 282 1982 anathema
296 1923 493 1998 neglexeritis
509 1927 590 1980 taceo
606 1924 641 1979 de
656 1924 769 1980 seniore
792 1939 866 1994 meo,
879 1940 949 1979 eon·
1004 1921 1115 1979 viribus
1128 1939 1331 1995 exsequemur.

122 2016 168 2070 tra
183 2030 274 2089 quem
293 2012 369 2070 ultra
383 2012 624 2086 viresnogotium
640 2012 812 2086 suscepistis
828 2030 835 2068 :
851 2016 950 2069 tamen
1186 2083 1189 2088 ¹

122 2100 334 2175 beneficiique
345 2118 414 2177 erga
425 2119 472 2159 mc
482 2101 529 2159 usi
548 2102 620 2158 estis
636 2118 703 2159 cum
727 2101 794 2159 telis
808 2102 949 2172 bostium,
1287 2100 1462 2158 EPISTOLA
1475 2102 1546 2160 XLl.

122 2209 188 2265 que
202 2191 400 2258 subduxistis,
407 2189 563 2248 immemor
577 2207 641 2250 esse
656 2208 714 2248 non
725 2190 951 2264 possumPlura
1277 2225 1313 2265 ΑΒ
1333 2226 1563 2267 εοΝεΤΑΝΉΝυΜ,

123 2279 262 2350 dicerem,
270 2284 299 2336 et
311 2281 389 2353 quod
404 2279 492 2337 vestri
508 2280 636 2337 fautores
649 2280 795 2354 imprimis
805 2281 952 2337 sintdece

122 2373 235 2444 ptores,
246 2385 280 2426 ao
295 2386 416 2426 suorum
432 2368 616 2443 negotiorum
640 2387 691 2442 per
708 2387 759 2426 vos
778 2374 811 2425 ut
824 2368 951 2441 experie-
1041 2369 1287 2442 Congratulamur
1301 2371 1364 2439 tibi,
1381 2371 1551 2427 dulcissime
1567 2371 1655 2428 irater
1678 2388 1831 2444 pervasore

123 2457 208 2529 mini,
222 2458 382 2516 effectores.
401 2458 458 2514 Sed
474 2475 531 2514 non
546 2462 591 2514 est
606 2458 696 2531 hujus
712 2457 861 2533 temporis.
878 2457 951 2513 Nam
1006 2461 1184 2532 atquebesle
1195 2460 1362 2517 inonssticae
1373 2461 1574 2535 religionis,ad
1584 2461 1744 2517 multorum
1754 2461 1832 2517 sulu-

123 2552 223 2626 metus
233 2551 279 2604 est
297 2545 358 2603 bec
377 2547 479 2603 cadom
500 2545 608 2603 dixisse
624 2563 657 2603 ae
672 2545 819 2620 prioribus
835 2545 952 2620 scriptis
1007 2553 1066 2605 tem
1080 2549 1220 2605 humanis
1235 2550 1323 2606 robus
1337 2554 1480 2623 exempto.
1497 2550 1579 2606 insta
1592 2555 1708 2622 ergo,ot
1730 2551 1754 2606 si
1766 2553 1831 2623 jam

122 2637 298 2693 restrisnon
313 2635 599 2710 respondisseldem
610 2636 694 2692 estin
705 2636 953 2709 causa,quoniam
1007 2643 1119 2710 patrem
1135 2644 1187 2695 tua
1202 2656 1235 2694 ac
1260 2639 1384 2695 fratrum
1409 2638 1562 2695 dilectione
1584 2639 1707 2711 dignum
1727 2639 1829 2706 babes,

123 2730 209 2782 caute
225 2728 359 2783 tenemus
374 2726 528 2798 scriptum.
544 2725 697 2798 Nusquam
709 2729 773 2780 tuta
793 2725 876 2781 fides.
894 2724 953 2781 lta-
1007 2726 1169 2783 habeamus
1179 2745 1246 2784 eum
1257 2733 1285 2785 et
1296 2746 1350 2784 nos
1360 2732 1532 2800 presentem
1542 2732 1594 2783 tua
1604 2727 1831 2800 operaproximo

124 2814 220 2871 tiones
235 2813 341 2871 harum
353 2831 463 2873 rerum
483 2818 619 2882 tractare,
632 2815 772 2882 conferre,
789 2814 953 2870 communi·
1007 2814 1038 2871 in
1059 2816 1132 2873 sesto
1148 2817 1225 2874 beati
1241 2816 1376 2890 Remigii,
1389 2821 1422 2872 ut
1440 2816 1561 2872 ulicctus
1575 2819 1706 2872 nostera
1722 2815 1830 2871 Floria·

126 2920 193 2961 cere
208 2902 341 2977 quolibet
354 2903 441 2975 modo
469 2901 578 2973 liceret,
590 2901 615 2958 si
632 2903 665 2957 u.
682 2903 716 2960 li.
732 2902 754 2959 l.
771 2903 805 2960 G.
820 2901 855 2959 H.
871 2904 905 2959 li.
918 2903 952 2959 Τ.
1008 2905 1145 2962 consilius
1159 2911 1187 2961 to
1202 2906 1326 2962 fecicum
1349 2905 1503 2978 paululum
1527 2905 1720 2973 abalienatus,
1737 2907 1767 2960 te
1788 2904 1830 2960 la-

125 2991 199 3050 ΖΝ.
211 2991 289 3060 detis
301 2991 455 3050 obsidibus
466 2993 502 3048 ud
518 3010 571 3048 nos
582 3009 676 3064 usquc
686 2991 836 3065 pervenire
844 2997 952 3065 posset,
1008 2997 1101 3053 ciente
1117 2996 1155 3052 sit
1167 2996 1328 3069 plurimum
1344 2995 1558 3051 reconciliatus.
1567 2996 1648 3061 Quod
1659 2993 1685 3049 si
1699 2994 1761 3049 baec
1771 3010 1832 3050 om-

127 3071 173 3138 cui
190 3081 262 3139 telis
280 3083 396 3140 credere
406 3082 451 3139 sas
462 3081 590 3148 estsine
601 3097 658 3153 quo
670 3080 743 3136 nihil
754 3081 858 3137 talium
869 3098 954 3154 agore
1008 3087 1058 3141 nia
1072 3085 1135 3141 sieri
1150 3085 1249 3142 minus
1268 3086 1391 3156 possint,
1408 3084 1494 3139 liceat
1508 3084 1592 3140 nobis
1606 3087 1635 3139 et
1649 3088 1699 3139 tua
1714 3086 1831 3139 tautum

127 3187 287 3244 possumus
301 3175 329 3227 et
344 3171 493 3228 debemus.
967 3158 1114 3245 Cperirui
1145 3173 1311 3245 presentia,
1334 3174 1358 3228 si
1389 3172 1459 3245 quid
1484 3189 1615 3245 unquam
1640 3171 1831 3245 prestitimus

416 3259 592 3316 uersuum
610 3260 667 3314 XL.
1007 3264 1084 3335 quod
1101 3262 1252 3336 placuerit,
1259 3267 1288 3319 et
1298 3261 1322 3317 si
1333 3261 1463 3334 dignaris
1478 3265 1615 3334 prestare
1628 3261 1706 3333 quod
1718 3259 1832 3332 placere

165 3367 203 3407 an
221 3366 413 3408 rnrsremuu
433 3365 626 3405 uoeuurruuu
645 3365 906 3406 sucnrarrscoruu.
1007 3350 1108 3424 possit.

161 3440 272 3497 Labore
287 3437 448 3496 obsidionis
463 3437 492 3493 in
511 3437 646 3494 Gerulum
663 3437 850 3512 defatigatus,
867 3456 901 3495 ac
924 3439 951 3494 vi

277 3654 280 3661 ⁴
373 3740 950 3895 ruruooucue
998 3737 1589 3878 uoulcuouuu

750 3985 781 4026 IN
800 3985 1006 4027 Moussasmuu
1025 3986 1207 4027 MOSOMBNSE·

421 4121 473 4194 (bx
488 4121 619 4177 Chronico
634 4120 804 4191 tlosorneasi,
820 4121 897 4206 apud
910 4119 1076 4191 Aoberium,
1093 4120 1189 4193 spicit.
1206 4123 1277 4176 tom.
1291 4119 1353 4192 Vll,
1369 4135 1436 4193 pag.
1452 4119 1527 4190 642.)

136 4378 240 4444 l'extns
255 4382 311 4463 qui
327 4381 469 4462 sequitur
482 4381 631 4444 describit
644 4381 779 4462 qualiter
794 4382 859 4462 ipse
875 4380 990 4461 praesul
1006 4381 1163 4443 Adaibero
1179 4400 1235 4462 pcr
1250 4380 1384 4442 Romani
1404 4385 1545 4460 syrmata
1566 4381 1661 4459 Papae
1686 4375 1825 4438 consilii·

166 4480 225 4543 que
239 4464 290 4524 sui
303 4463 477 4537 decretum,
494 4463 656 4524 constituit
674 4468 707 4522 ut
723 4463 895 4523 monachos
911 4462 998 4523 locus
1014 4463 1064 4523 bio
1081 4464 1240 4525 Mosomus
1265 4462 1409 4536 baberet,
1426 4480 1505 4540 quos
1526 4459 1690 4521 cohiberet
1707 4455 1825 4550 ‘regula

166 4544 553 4687 srpffipnxiivgrrgfflquique
575 4561 632 4623 pro
657 4560 689 4604 se
716 4559 838 4622 proque
861 4543 926 4604 suis
951 4543 1233 4624 predecessoribus
1257 4542 1288 4604 in
1315 4560 1402 4623 spem
1429 4547 1555 4602 retorna
1584 4540 1656 4601 vitre
1684 4537 1826 4599 divinum

244 4785 431 4843 Precedcntis
451 4784 550 4859 itaque
574 4786 648 4841 sorio
672 4785 816 4841 sermonis
838 4785 874 4840 do
888 4786 948 4842 vite
961 4788 986 4854 Ι)
1001 4786 1118 4843 beronis
1134 4784 1261 4858 episcopi
1283 4785 1396 4840 devotio
1421 4783 1573 4850 exstiterit,
1585 4781 1654 4854 quia
1673 4797 1724 4854 per
1747 4778 1826 4835 hunc

136 4875 157 4928 a
168 4875 296 4932 transitu
310 4874 404 4932 sancti
420 4875 558 4949 martyris
572 4872 684 4930 Aruulfi
708 4873 947 4945 compendiosam
1002 4881 1138 4934 sanctum
1154 4892 1242 4931 suum
1254 4873 1408 4929 Amulium
1425 4879 1552 4928 mentem
1569 4873 1672 4945 ipsius,
1689 4874 1827 4941 utsupra
1911 4892 1916 4896 ·

134 4956 948 5034 fecimusrelationem,ubifueritsopultus‚qualiterinde
1003 4962 1280 5033 retulimus,visibili
1290 4961 1499 5018 miraculorum
1509 4958 1827 5016 illuminatioueDomi-

134 5057 295 5128 tssnmptus
309 5053 346 5110 ad
357 5054 520 5111 Guilediam
536 5054 686 5124 trajectus,
697 5051 815 5105 demum
831 5068 948 5124 quoquo
1003 5074 1058 5113 nus
1069 5054 1232 5122 admonuit,
1247 5052 1284 5108 ad
1300 5056 1432 5123 posteros
1452 5051 1567 5105 mittere
1590 5048 1825 5112 memorandum,

133 5133 173 5196 liei
185 5140 388 5199 misericordia
401 5143 574 5217 disponente
588 5140 625 5197 etl
641 5140 716 5196 hunt
731 5138 947 5196 Mosomtnsem
1002 5163 1059 5202 non
1076 5142 1209 5215 indigum
1220 5139 1430 5212 judicavimus,
1443 5144 1476 5194 ut
1490 5138 1596 5193 divinis
1613 5135 1762 5193 beneficiis
1777 5134 1824 5189 iu-

131 5228 272 5288 eclesiam
288 5231 439 5289 miraculis
453 5228 694 5289 concurrentibus
708 5228 947 5302 devenerit,stylo
1000 5234 1074 5307 grati
1091 5248 1155 5289 esse
1169 5231 1339 5296 timeant,ct
1353 5226 1549 5300 intelligentes
1565 5229 1676 5299 quanta
1685 5241 1737 5296 per
1747 5223 1825 5278 bunc

130 5317 238 5388 itidem
253 5322 415 5391 admodum
430 5323 540 5378 rustico
555 5326 583 5377 el
597 5317 730 5391 impolito
745 5317 944 5388 &satellitum
1001 5341 1060 5379 sure
1076 5316 1181 5377 salutis
1196 5315 1349 5390 providum
1364 5320 1510 5388 pastorem
1525 5316 1624 5387 adepti
1643 5315 1714 5368 sunt
1737 5312 1823 5379 bena,

127 5408 170 5464 sed
183 5410 297 5468 ratione
310 5412 383 5469 satis
396 5410 586 5486 probabiliter
599 5406 783 5479 investigata,
800 5406 877 5462 sicut
892 5424 946 5464 suo
1000 5406 1175 5483 rependendi
1191 5405 1283 5460 vicem
1299 5403 1404 5460 anime
1416 5404 1512 5477 ipsius
1525 5405 1554 5459 in
1571 5405 1646 5459 bono
1667 5418 1698 5456 se
1709 5415 1826 5471 semper

123 5490 179 5556 luco
193 5498 288 5559 lector
302 5501 438 5572 inveniet,
455 5502 491 5557 ad
509 5499 630 5573 plenum
655 5495 802 5569 prosecuti
828 5512 944 5553 sumus.
1000 5497 1140 5557 obnoxios
1155 5510 1219 5551 esse
1234 5498 1423 5566 cognoscant.

120 5583 199 5649 lieno
224 5605 291 5672 qus
312 5595 416 5672 postea
429 5589 507 5652 cirea
521 5588 672 5668 prefatam
685 5582 839 5646 eeclesiam
854 5584 944 5647 Adel·
1035 5583 1169 5646 Sccundo
1183 5580 1274 5657 igitur
1294 5597 1353 5639 suso
1375 5580 1569 5642 ordinationis
1583 5596 1660 5639 anno
1676 5581 1742 5639 ectu
1755 5579 1827 5639 suut
