3900 6090
137 298 215 367 IOO'I
536 298 800 364 HRO'ISUI'IHAE
822 296 1010 364 Mentntls
1034 297 1434 366 ennbnesnmttnnsts
1767 301 1842 366 locs

22 429 23 432 ’
135 433 756 509 Inclytaeendignocommittensmembra
775 433 918 508 sepulcre.
969 435 1130 508 AHoeqne
1146 435 1199 490 tibi
1218 434 1292 504 dieu,
1309 436 1386 508 quod
1404 453 1470 492 mox
1485 436 1656 508 prenobilis
1670 439 1769 506 Anna,

169 523 220 581 His
234 524 275 581 ita
289 523 390 591 finitis,
407 521 531 580 sublatis
547 522 641 578 cernit
653 521 753 579 ocellis
1011 523 1160 596 Concipiet
1175 528 1285 592 natam,
1302 525 1416 583 eunctis
1431 525 1539 583 seculis
1553 526 1771 584 venerendam.

133 614 165 668 ln
176 611 267 668 ramis
281 610 356 667 lauri
372 616 542 667 resonantes
556 627 708 667 murmure
723 610 812 667 dulci.
1010 612 1075 668 Hae
1091 612 1263 669 internatas
1277 613 1432 670 hemInum
1448 615 1498 670 fiet
1512 632 1596 672 sacra
1609 619 1751 685 cunetas,

131 700 228 756 Pullos
243 700 415 773 plumigeris
430 700 563 756 volueres
576 700 759 756 circumdare
776 700 891 772 pennis.
1010 702 1138 774 Spiritus
1152 707 1181 757 et
1196 703 1300 758 morito
1316 708 1437 759 sanetus
1453 704 1617 776 requiescet
1632 704 1663 759 in
1682 704 1746 772 illa,

132 789 190 843 Hoc
205 788 248 843 uti
265 788 411 854 cernebat,
428 789 562 844 subtristi
579 807 646 843 voce
662 790 785 844 canebat
801 805 807 842 :
1009 792 1048 845 nc
1064 808 1115 863 per
1129 809 1219 863 quum
1235 791 1330 846 veniet
1345 794 1444 848 nunde
1460 793 1622 849 benedictio
1637 811 1774 861 summa,

131 877 190 933 Rex
204 877 279 944 coeli,
295 877 380 932 fortis
396 877 442 932 eui
458 878 591 948 subjacet
606 878 731 950 astriger
745 878 825 943 axis;
1010 879 1067 934 Nec
1083 879 1209 951 primam
1222 879 1421 946 similem,uee
1433 883 1524 937 Iertur
1534 882 1643 938 habere
1653 886 1838 955 sequentem.

133 967 181 1023 76
197 966 303 1022 Omnia
317 966 367 1037 qui
383 970 460 1021 certe
476 967 552 1037 potis
567 984 599 1021 es
610 967 763 1038 disponere
778 971 864 1034 reete,
1009 969 1045 1021 nt
1061 985 1138 1022 nune
1153 969 1189 1023 ad
1206 968 1317 1024 sociam
1333 972 1414 1024 tenta
1430 987 1560 1026 remeare
1574 970 1709 1039 beatum,

131 1056 252 1127 Semper
267 1059 439 1110 cunctarum
455 1054 508 1108 libi
526 1055 589 1109 laus
605 1060 698 1110 exstet
711 1055 863 1126 pietatum,
1010 1058 1076 1120 Qua
1087 1057 1219 1128 gaudens
1233 1056 1313 1112 enini
1331 1061 1446 1112 tantum
1464 1059 1556 1130 pariet
1571 1059 1664 1115 decus
1680 1060 1760 1128 arbi,

132 1144 213 1209 Quod
230 1143 358 1199 clemens
374 1148 495 1198 cunetas
512 1144 627 1214 pietatis
643 1160 763 1199 munere
778 1145 868 1215 vivos,
1009 1144 1043 1198 Et
1057 1161 1172 1215 semper
1186 1150 1284 1215 grates
1301 1147 1413 1200 Foetes
1431 1145 1540 1201 reddite
1556 1147 1670 1216 dulces,

132 1231 302 1301 Pisciculos,
318 1233 454 1304 pecudes,
472 1236 621 1303 serpentes
637 1237 724 1304 atque
738 1232 881 1301 volueres,
1009 1230 1060 1285 Cui
1076 1232 1171 1304 placet
1186 1233 1308 1304 stirpem
1325 1234 1407 1289 vebis
1422 1235 1578 1290 concedere
1592 1235 1698 1300 talem,

130 1319 319 1393 Congaudere
334 1321 396 1376 suis
411 1320 527 1376 donasti
543 1320 644 1375 sedulo
657 1320 757 1392 pullis.
1009 1318 1129 1386 Qualem
1144 1326 1273 1394 percerte
1290 1340 1442 1394 nunqnam
1455 1327 1574 1379 tenuere
1584 1324 1752 1396 propheta,

129 1408 185 1466 Sed
201 1413 309 1466 memet
323 1407 417 1465 solam
433 1408 562 1465 sterilem
580 1426 729 1466 remanere
744 1408 890 1466 misellam
1008 1406 1117 1466 Omnes
1132 1408 1215 1465 electi
1231 1415 1299 1483 post
1313 1412 1374 1467 benc
1390 1429 1447 1467 nen
1464 1418 1533 1468 sunt
1548 1412 1694 1468 habituri.

128 1497 223 1555 Causa
233 1497 339 1571 judicii
350 1497 468 1570 jussisti
484 1498 610 1570 denique
622 1499 703 1555 recti.
809 1496 813 1506 '
1042 1499 1086 1554 Ad
1100 1513 1200 1572 quem,
1216 1499 1371 1571 promissis
1385 1501 1519 1558 loachIm
1535 1501 1654 1559 letatus
1671 1502 1703 1557 in
1721 1500 1782 1559 illis
1798 1519 1804 1557 :

128 1588 296 1644 'fetandam
313 1587 510 1660 omnipatrem
526 1588 673 1643 constanti
688 1592 802 1659 pectore
813 1591 917 1644 testem
1008 1586 1038 1642 Si
1052 1584 1124 1642 mihi
1140 1591 1219 1643 certa
1234 1591 1284 1645 tuo
1300 1594 1418 1646 maneat
1434 1595 1486 1645 tua
1499 1589 1593 1663 gmtia
1608 1607 1707 1659 servo,

129 1676 243 1746 invoco,
259 1676 388 1750 conjugii
403 1676 498 1748 prime
514 1678 591 1749 quod
607 1680 739 1750 tempore
752 1676 829 1746 vovi,
1006 1675 1049 1732 Ad
1064 1680 1182 1748 tempus
1198 1676 1318 1750 dIguare
1333 1694 1398 1734 mec
1413 1677 1594 1751 requiescere
1610 1682 1703 1747 tecto,

128 1766 157 1822 Si
173 1765 283 1823 ventris
298 1765 428 1821 fructum
444 1765 518 1820 mibi
532 1771 687 1838 prestares
698 1764 764 1838 pius
779 1765 858 1834 ullis,
968 1811 992 1877 B
1008 1763 1043 1818 st
1057 1768 1176 1837 gustare
1190 1765 1290 1821 cibum
1306 1783 1364 1821 non
1380 1768 1536 1840 dedignere
1550 1772 1702 1840 paratum.

128 1854 202 1911 ilinc
214 1872 283 1912 mex
297 1854 327 1910 in
342 1853 452 1927 templo
468 1853 533 1911 sisti
549 1853 602 1909 tibi
617 1854 671 1928 rite
685 1859 809 1922 sacrato,
1042 1854 1172 1927 Angelus
1186 1870 1201 1910 e
1217 1856 1443 1912 contradicebat
1458 1873 1526 1913 voce
1541 1857 1648 1913 deeora
1665 1873 1673 1912 :

129 1932 334 2017 obsequioque
346 1942 389 1999 tui
404 1941 492 2016 legali
506 1959 586 1999 more
601 1943 720 1998 sacrari.
1009 1942 1058 1999 78
1075 1942 1189 2012 Desine,
1206 1960 1305 2016 pesce,
1317 1961 1415 2000 meum
1431 1945 1711 2017 posthactedIeerc
1720 1961 1831 2003 servum

164 2031 247 2088 'l'alia
260 2033 332 2087 dam
345 2029 465 2087 mundis
480 2031 619 2087 formaret
633 2031 754 2087 verbula
765 2031 865 2098 labris,
1007 2031 1087 2100 Esse,
1104 2032 1154 2088 sed
1171 2031 1307 2105 angelicae
1324 2038 1487 2090 consortem
1503 2034 1614 2090 credito
1630 2038 1750 2092 turmae.

129 2119 258 2193 Angelus
273 2120 414 2193 astrigero
430 2119 527 2175 subito
544 2120 695 2176 deseendit
711 2121 746 2175 ab
763 2119 830 2188 alto,
1006 2119 1079 2175 Nam
1096 2120 1168 2175 mibi
1184 2120 1307 2177 terrenis
1322 2138 1396 2194 opus
1411 2127 1456 2178 est
1468 2138 1525 2179 non
1542 2123 1655 2179 vescier
1668 2124 1762 2192 escis,

130 2209 257 2265 Maxima
270 2208 396 2264 tristitie
411 2212 530 2281 portans
546 2207 690 2264 solamina
704 2214 791 2265 tanta
802 2228 823 2276 ς’
1007 2211 1097 2275 Quem
1114 2209 1207 2282 pascit
1222 2210 1338 2266 Domini
1354 2227 1470 2284 semper
1485 2212 1641 2283 prasentia
1657 2215 1783 2269 summi.

129 2299 165 2354 Et
179 2302 261 2355 stans
275 2298 331 2353 sub
347 2297 428 2367 faeie,
447 2297 532 2354 dIctis
547 2296 607 2352 bace
623 2298 701 2352 tatur
716 2297 819 2354 amieis
837 2315 843 2353 :
1006 2299 1187 2371 Quapropter
1201 2315 1314 2369 monce,
1331 2298 1455 2356 Domino
1472 2299 1612 2357 libamine
1629 2319 1718 2359 sacro

130 2388 207 2443 Exue
222 2402 375 2442 moererem
391 2386 497 2454 cordia,
515 2386 626 2458 depone
642 2387 783 2458 dolorem,
1006 2387 1065 2443 Hoc
1080 2391 1107 2443 te
1122 2388 1208 2456 ferre,
1220 2387 1294 2445 meis
1309 2388 1418 2462 satagIs
1434 2390 1510 2462 quod
1527 2407 1636 2462 ponere
1657 2392 1783 2449 mensis.

127 2475 312 2548 Consilioque
328 2475 378 2532 Dei
393 2490 512 2548 germen
528 2474 581 2530 tibi
597 2476 706 2531 credito
721 2475 831 2532 summi
1005 2475 1059 2542 Qui
1075 2476 1151 2531 citus
1166 2475 1337 2532 anniculum
1352 2478 1491 2552 gregibus
1505 2479 1695 2537 subtraxerat
1715 2497 1826 2555 agnum,

128 2564 197 2633 Hae,
211 2565 289 2637 quod
305 2569 403 2620 ventre
418 2569 468 2619 tuo
484 2564 622 2635 procedet
635 2568 765 2637 tempore
779 2568 869 2632 certe,
1005 2564 1132 2637 Sperans
1147 2565 1349 2637 opprobrium,
1366 2566 1479 2636 Haben,
1496 2583 1630 2624 cessasse
1653 2574 1813 2639 vetustum,

126 2653 199 2709 Vere
214 2655 264 2709 fiet
279 2653 356 2709 idem
373 2652 488 2726 populis
503 2651 637 2708 mirabile
650 2654 776 2709 cunetis.
1006 2651 1141 2707 immolat
1155 2657 1183 2708 et
1198 2652 1332 2721 Domine,
1349 2655 1468 2727 gavisus
1482 2659 1600 2727 pectere
1616 2655 1695 2725 leto,

127 2742 214 2813 Dixit,
231 2747 260 2799 et
273 2742 420 2815 aurivagis
435 2741 568 2798 revolans
584 2746 663 2798 secat
678 2742 785 2799 retbere
798 2743 913 2815 penula.
1005 2739 1126 2812 Ignibus
1141 2740 1296 2813 appositis,
1312 2745 1344 2797 ut
1359 2742 1448 2798 babet
1463 2743 1619 2816 preceptio
1636 2739 1723 2819 legis.

125 2834 209 2889 Anne
224 2832 286 2902 sed,
302 2831 442 2905 angelicis
457 2830 584 2887 nimium
600 2831 757 2904 perterrita
770 2832 878 2899 verbis,
1002 2827 1142 2901 Angelus,
1158 2829 1205 2886 his
1220 2830 1295 2886 vetis
1311 2835 1343 2886 ut
1353 2831 1445 2902 jussit
1459 2831 1514 2888 rite
1526 2834 1666 2906 peractis,

127 2922 229 2978 Moesta
244 2921 365 2977 domum
381 2920 473 2993 petiit,
490 2938 554 2977 sese
569 2920 701 2993 lectoque
716 2919 832 2988 locavit,
1002 2916 1110 2974 Altaris
1124 2918 1205 2973 sumo
1221 2918 1356 2975 sublatus
1373 2921 1468 2994 pergit
1483 2922 1519 2977 ad
1536 2925 1628 2978 nstra.

126 3011 162 3067 tlt
176 3010 346 3066 tremefacta
360 3009 437 3065 diem
453 3009 634 3081 psalmorum
650 3008 712 3082 lege
725 3013 849 3082 perorat,
1039 3009 1132 3074 Quam
1147 3011 1217 3065 tunc
1231 3008 1385 3068 clementis
1397 3009 1539 3083 paulatim
1556 3011 1653 3086 gratia
1668 3012 1765 3069 Patris

126 3099 235 3155 Effusis
250 3103 365 3154 nectem
381 3097 517 3170 precibus
533 3098 666 3153 ducendo
681 3102 862 3170 sequentem.
1004 3095 1125 3168 Incoepit
1140 3096 1231 3152 radiis
1248 3099 1358 3170 mundo
1374 3097 1520 3155 lucescere
1536 3099 1639 3171 elaris,

127 3187 195 3244 Post
209 3186 271 3242 haic
285 3201 354 3259 ergo
368 3202 453 3242 suam
469 3185 605 3258 precepit
618 3186 721 3242 adesse
736 3184 875 3257 puellam,
963 3181 984 3248 C
1002 3183 1097 3257 Atque
1110 3183 1191 3257 prior
1205 3185 1341 3242 stabilem
1357 3187 1504 3244 discordia
1519 3205 1639 3245 sumere
1660 3189 1762 3260 linem,

125 3276 277 3332 dstantem
292 3275 423 3348 rogitans
438 3273 565 3346 propriis
580 3273 661 3329 illam
675 3274 731 3329 sub
747 3273 856 3329 ocellis.
1001 3272 1074 3328 Cam
1090 3290 1145 3331 sua
1159 3273 1291 3332 caelestes
1305 3275 1436 3348 primum
1452 3276 1601 3333 consortia
1615 3278 1697 3335 clves

126 3364 184 3421 Cur
198 3380 231 3421 se
242 3363 412 3435 despiceret,
428 3362 473 3418 vel
489 3378 542 3417 eur
557 3365 616 3416 tam
633 3377 697 3417 sero
712 3363 833 3432 ventret,
1002 3359 1077 3417 Olim
1092 3363 1254 3436 terrigenas
1269 3363 1482 3436 promittebant
1496 3364 1664 3439 babituros,

124 3453 198 3510 Cum
213 3451 269 3510 sibi
284 3451 404 3508 sentiret
419 3449 482 3506 fieri
497 3450 566 3522 quid
583 3451 656 3506 terte
672 3451 832 3523 stupendil
1001 3452 1080 3517 Quos
1092 3450 1174 3524 prius
1189 3469 1205 3508 e
1220 3452 1334 3509 meritis
1347 3453 1439 3509 Adam
1455 3469 1590 3526 sprevere
1605 3457 1750 3529 parentis.

159 3540 322 3600 Reddidite
337 3544 439 3597 eontra
452 3539 578 3595 domina
593 3537 702 3596 lasciva
716 3540 834 3597 Iamelle
1001 3538 1060 3596 Nec
1071 3538 1158 3596 latuit
1172 3544 1243 3599 tune
1258 3541 1423 3616 angelicum
1440 3541 1597 3600 clementia
1612 3550 1726 3602 eoetnrn

122 3630 293 3704 Opprobriis
308 3633 419 3687 tactum
435 3628 531 3685 servili
548 3643 700 3684 murmure
714 3628 845 3686 verbnm.
1001 3617 1350 3704 Omnipatris,preprium
1365 3630 1416 3703 qui
1432 3636 1819 3709 moxposttemporanatnn

121 3720 151 3778 Si
166 3725 194 3778 te
210 3719 342 3794 despexit
356 3717 486 3776 sterilem
503 3717 612 3774 iaciens
628 3718 716 3788 Deus,
733 3718 842 3792 inquit,
1001 3716 1114 3774 Mittere
1128 3717 1293 3791 virgineum
1308 3721 1453 3778 miserans
1469 3720 1604 3796 disponit
1619 3723 1650 3778 iu
1666 3723 1778 3796 alvum,

120 3809 183 3880 Die,
199 3824 277 3883 rego,
294 3808 400 3864 divinae
415 3824 510 3864 cansa
525 3807 595 3879 quid
611 3806 739 3878 pertinet
755 3808 792 3863 nd
807 3808 876 3865 mel
1002 3805 1039 3862 Ut
1048 3804 1112 3863 sine
1123 3806 1267 3881 principio
1282 3812 1371 3865 natus
1386 3809 1422 3866 de
1437 3809 1520 3866 Patre
1535 3827 1691 3884 supremo,

119 3901 204 3956 Anna
218 3899 270 3956 sed
284 3896 476 3971 opprobrium
493 3896 638 3968 patienter
652 3894 774 3967 pertuIIt
788 3895 880 3965 istud,
1001 3895 1124 3952 Carnem
1139 3896 1269 3968 virginee
1285 3896 1341 3953 sub
1355 3901 1490 3974 tempere,
1500 3903 1635 3972 sumeret
1648 3901 1729 3972 alvo,

121 3988 282 4045 Illlundeus
296 3989 412 4042 tantum
429 3985 575 4057 lacrymas
590 3982 741 4039 subtristis
757 4000 883 4043 amaras.
1001 3985 1109 4041 Omnes
1124 3988 1212 4057 atque
1226 4002 1280 4042 suo
1295 3985 1421 4043 salvaret
1434 3989 1579 4061 sauguine
1595 4005 1696 4060 sacro,

125 4080 171 4134 77
188 4073 306 4134 Scilicet
318 4074 372 4130 bac
387 4073 452 4146 Ipsa
465 4070 600 4130 loacbim
615 4071 773 4145 predictus
787 4072 818 4129 in
832 4073 905 4132 bera
1001 4075 1042 4132 Na
1057 4077 1124 4148 post
1137 4073 1198 4131 hec
1212 4074 1328 4147 generis
1341 4075 1464 4132 humani
1479 4075 1606 4133 callidus
1622 4076 1723 4138 hostis

122 4162 252 4239 Angelus
267 4179 420 4236 apparens,
437 4160 666 4217 intermontano
681 4160 839 4235 refulgens,
1001 4163 1148 4220 Conderet
1162 4163 1307 4219 mundum
1322 4162 1435 4236 laqueis
1451 4165 1575 4222 retinere
1589 4164 1751 4243 malignis,

125 4255 157 4314 ln
172 4253 256 4328 queis
271 4257 342 4310 tunc
357 4250 503 4325 pascendo
516 4266 635 4323 gregem
652 4249 816 4308 latitaverat
830 4268 906 4325 eger
1002 4252 1058 4310 Sed
1069 4251 1172 4324 Patris,
1182 4256 1212 4308 et
1219 4252 1295 4322 Nati,
1308 4269 1417 4311 numen
1432 4271 1549 4328 quoquo
1565 4255 1744 4318 Pneumatis
1753 4256 1822 4322 uni,

122 4344 257 4402 iusserat
268 4342 304 4398 ad
320 4340 431 4398 sociam
446 4338 533 4398 eitius
549 4354 679 4396 remeare
695 4339 838 4397 relictam.
1001 4339 1115 4413 AEquali
1131 4340 1224 4397 formu
1238 4341 1352 4414 pollens
1368 4342 1423 4400 sub
1439 4345 1557 4401 nominc
1570 4344 1663 4416 trine,

122 4433 176 4502 Qui
192 4432 275 4504 dixit,
292 4429 414 4489 monitis
430 4429 528 4484 culmo
543 4432 693 4501 permotus
709 4428 746 4484 ab
761 4428 820 4486 illis
837 4446 843 4485 :
1003 4430 1159 4486 Ilinetenus
1172 4429 1308 4487 stabilem
1324 4437 1459 4505 regnaret
1469 4432 1537 4505 jure
1552 4449 1607 4506 per
1622 4436 1739 4494 orbem.

122 4523 187 4580 Hac
199 4524 264 4595 jam
280 4519 424 4578 bisdenis
440 4533 555 4573 meeum
570 4522 773 4588 permanserat
789 4520 885 4587 annis,
961 4556 985 4620 D
1036 4519 1164 4592 Angelus
1180 4519 1357 4593 astrIgerum
1373 4526 1529 4594 postquam
1546 4527 1738 4603 transcendit
1746 4526 1822 4601 elpu

122 4613 162 4668 Ex
178 4610 228 4668 illa
241 4610 384 4667 Dominus
400 4607 531 4664 sobolem
547 4605 619 4660 mibi
635 4623 688 4662 nee
703 4606 783 4662 dedit
798 4607 899 4675 ullam,
1446 4681 1448 4685 ,
1738 4617 1818 4690 [pum.

122 4702 244 4775 Insuper
258 4697 424 4772 opprobriis
444 4694 565 4751 discessi
581 4693 686 4768 plenus
701 4696 810 4752 amaris
1001 4697 1055 4752 Via
1071 4696 1185 4770 patiens
1199 4697 1332 4755 loachim
1348 4703 1434 4756 tanta
1450 4700 1595 4772 preconia
1611 4719 1721 4772 eausa,

121 4789 218 4862 Nuper
233 4789 269 4845 de
283 4787 401 4859 templo,
417 4800 508 4840 causa
522 4783 663 4838 contusus
678 4783 714 4837 ab
729 4783 813 4855 ipsa,
1001 4787 1036 4841 llt
1050 4790 1146 4842 taetus
1156 4787 1256 4859 jaculo
1271 4788 1390 4854 terroris
1407 4789 1533 4862 denique
1551 4808 1674 4865 magno,

120 4878 156 4934 Et
170 4894 217 4933 me
233 4876 413 4949 despectum,
430 4873 579 4944 tantisque
596 4871 681 4927 malis
697 4877 873 4940 saturatum,
1001 4876 1116 4931 Stratus
1133 4877 1169 4931 nd
1187 4894 1280 4948 usque
1295 4877 1391 4933 selum
1409 4879 1477 4934 deni
1493 4878 1605 4938 virtute
1619 4885 1752 4955 superni,

121 4965 253 5023 Hortaris
269 4964 394 5039 regredi,
410 4962 497 5019 subdi
513 4960 666 5034 primoque
683 4961 797 5033 pudori.
1000 4963 1176 5022 Pertimidus
1187 4965 1283 5037 jacuit
1298 4983 1350 5023 nee
1368 4984 1426 5024 non
1441 4967 1504 5024 sine
1520 4974 1620 5026 mente
1634 4956 1754 5043 quievit¹

118 5057 161 5112 Ad
177 5073 264 5128 quem
280 5053 444 5110 mansuetis
457 5050 584 5107 coelestis
599 5050 818 5119 nuntinsorsis,
899 5049 910 5065 '
1001 5055 1049 5110 79
1066 5052 1162 5127 Ipsius
1177 5058 1267 5123 sextu,
1284 5054 1313 5110 ni
1330 5055 1425 5126 fallor,
1441 5058 1515 5114 torte
1531 5057 1601 5129 dIei,

119 5145 164 5201 Ille
179 5146 239 5201 lere
254 5144 415 5212 caelestem,
432 5140 558 5208 dicebat,
575 5139 695 5208 credite,
711 5156 821 5208 vocem,
998 5142 1073 5197 Dum
1088 5141 1132 5198 sol
1147 5160 1240 5215 usque
1255 5161 1342 5200 suum
1359 5145 1502 5203 conclusit
1515 5163 1637 5220 vespere
1657 5166 1784 5206 cursum.

117 5233 333 5306 Custedemque
348 5232 391 5287 tui
408 5230 518 5286 lactum
534 5228 642 5301 pietate
658 5228 776 5298 superni
1032 5231 1145 5288 Interea
1159 5232 1241 5306 pueri
1257 5238 1399 5290 venerunt
1414 5252 1481 5294 cum
1496 5251 1585 5310 grege
1600 5234 1686 5307 lassi,

117 5322 215 5397 Regis,
231 5322 280 5396 qui
290 5324 403 5395 justam
418 5316 561 5376 consolari
577 5316 658 5372 dedit
671 5318 786 5373 Annam
995 5319 1126 5392 Cumque
1141 5337 1229 5377 suum
1242 5320 1395 5379 dominum
1412 5341 1537 5396 pronum
1550 5323 1650 5403 videre
1660 5325 1783 5383 loentum

116 5412 170 5469 Per
185 5428 242 5484 me,
257 5413 330 5468 dam
345 5409 480 5485 preculas
497 5408 591 5464 [lende
606 5406 796 5479 profunderet
811 5406 914 5467 almas.
995 5407 1166 5467 Comminus
1182 5412 1323 5478 astantes,
1340 5416 1492 5485 coeperunt
1505 5413 1621 5471 discere
1636 5414 1737 5472 tristes

115 5503 152 5557 st
166 5518 246 5557 nune
260 5517 329 5574 ergo
342 5499 386 5555 tui
399 5514 490 5557 causa
502 5497 538 5554 de
552 5495 672 5553 cardine
687 5493 762 5565 eoeli,
995 5498 1121 5555 Causam
1136 5498 1266 5568 terroris,
1283 5498 1401 5558 turbata
1417 5505 1524 5571 mente,
1541 5501 1682 5560 recentis.

115 5590 177 5675 flue
191 5590 311 5681 vespius
326 5588 418 5645 rotare
432 5585 584 5665 permagni
599 5583 708 5661 gaudie
722 5583 801 5658 deni,
996 5587 1096 5666 Ipsum
1111 5591 1240 5666 percerte
1255 5587 1305 5647 sed
1320 5586 1366 5644 vix
1378 5593 1498 5668 potuere
1513 5586 1622 5652 levare.
