3900 6090
110 312 149 371 aa
711 316 762 379 aa
782 315 874 379 vina
897 318 929 380 s.
953 306 1218 382 cumennora.
1775 304 1814 381 tt

109 460 189 516 pace.
207 444 328 500 Obeata
342 445 460 518 virgae
475 449 595 520 superni
611 448 698 524 Regis
714 467 831 522 sponsa,
842 465 930 523 quam
947 450 1091 518 Amatris
1115 451 1258 519 Ecclesia,
1284 452 1406 508 offerens
1436 456 1593 524 protectam
1615 451 1810 525 virginitatem

109 533 213 589 devota
222 533 341 591 diceris!
352 535 424 591 llcce
434 534 508 592 dicis
518 538 603 609 quasi
614 538 777 612 optanstibi
787 540 930 595 mundum
985 538 1100 596 Christo
1114 539 1238 597 Domino
1253 541 1289 596 ad
1303 539 1469 613 exemplum
1480 540 1634 597 Genitricis
1647 540 1811 614 virginis,ct

108 623 300 690 etllorescere,
310 640 398 696 quem
408 625 437 680 in
449 626 606 698 cordcjam
617 627 786 700 despectum
798 628 931 684 funditus
986 629 1174 701 expostulans
1189 646 1219 684 se
1235 629 1343 685 sacrari
1359 628 1455 703 sigillo
1471 629 1650 685 castimonia
1661 634 1689 685 et
1704 628 1809 702 eapitis

109 729 271 784 spreveras,
282 717 310 768 et
321 711 399 791 velut
413 717 526 771 stercus
536 715 701 771 marcidum
716 718 792 789 quod
813 716 931 789 ponitus
984 716 1128 773 velamine
1142 718 1197 773 sub
1212 718 1303 774 tutela
1317 721 1345 774 et
1360 717 1476 775 servitio
1491 716 1729 790 incomparabilis
1743 716 1808 773 Vir·

109 800 283 858 calcaveras.
296 803 369 868 Ouid
385 803 488 876 plura?
503 803 544 859 ita
554 804 672 877 quidem
685 811 729 861 est
739 805 839 861 ‹lelusa
851 805 930 862 solli·
984 805 1062 878 ginis
1084 805 1190 861 blarir.
1208 806 1299 878 Cujus
1315 805 1558 880 benignissimam
1573 805 1764 862 intentionem
1779 810 1809 864 et

110 889 207 946 citudo
218 891 464 965 nuptialis,atque
474 892 615 966 protelata
625 893 688 951 dies
698 894 891 962 matrimonii;
903 899 932 951 ct
985 893 1165 950 devotionem
1191 894 1258 967 pius
1281 894 1365 950 Pater
1390 894 1512 950 audiens
1528 899 1557 950 et
1571 912 1588 950 a
1603 894 1727 951 Domino
1743 896 1809 967 ejus

71 1012 74 1017 -
109 995 177 1034 eum
192 979 355 1036 debuerant
379 981 536 1055 preparari
561 981 714 1055 nuptialia,
731 988 932 1056 praeparantur
985 986 1113 1039 mentem
1124 981 1301 1038 illustratam
1311 982 1558 1056 intelligens,voce
1567 983 1810 1056 lacrp'mahiliad·

109 1072 248 1140 sumptus
263 1072 292 1124 et
306 1068 439 1126 vehicula
453 1074 534 1127 tanto
553 1070 650 1126 itineri
666 1072 840 1129 necessaria.
857 1073 930 1129 Nam
986 1072 1097 1127 mirans
1106 1074 1217 1126 tantam
1226 1070 1255 1126 in
1272 1071 1369 1144 puella
1380 1071 1566 1144 sapientiam,
1580 1070 1688 1128 dixisse
1700 1072 1807 1128 fertur:

109 1157 179 1228 quia
192 1161 256 1212 erat
269 1158 350 1230 virgo
365 1158 531 1228 tenerrima,
553 1164 582 1216 ct
604 1164 665 1216 tam
679 1160 827 1218 voluntate
841 1178 930 1235 quam
988 1183 1002 1211 α
1018 1161 1191 1217 Benedictus
1206 1177 1247 1228 cs,
1260 1160 1382 1216 Domine
1392 1160 1470 1217 Deus
1481 1160 1624 1227 omnium,
1638 1160 1688 1233 qui
1703 1161 1734 1216 in
1746 1165 1810 1218 tore

110 1249 192 1302 etate
201 1245 467 1321 innuba,idemque
475 1266 602 1321 sponsus
610 1248 764 1306 timoratus
775 1254 803 1306 ct
813 1249 932 1307 Christi·
985 1248 1118 1321 virginali
1131 1248 1238 1305 mentis
1248 1254 1334 1304 casta
1345 1253 1374 1304 et
1384 1248 1514 1321 corporis
1525 1254 1609 1304 tuum
1620 1247 1700 1304 loeas
1715 1248 1809 1304 domi·

110 1332 182 1401 cola,
190 1334 334 1407 acquievit
349 1335 460 1408 placide
471 1355 478 1405 ;
489 1341 518 1393 et
532 1342 565 1393 ut
579 1337 713 1412 cognovit
731 1357 788 1394 non
809 1356 872 1395 csso
887 1339 932 1396 ias
986 1337 1096 1404 cilium,
1108 1342 1136 1393 et
1151 1337 1180 1393 in
1196 1354 1267 1393 sexu
1283 1337 1395 1410 fragilis
1406 1337 1533 1392 materia
1545 1353 1701 1393 numerosa
1711 1354 1811 1410 opera·

109 1423 254 1490 rcsistere‚
267 1424 354 1479 etiam
370 1424 433 1498 ipse
448 1425 534 1498 coepit
546 1444 611 1483 esse
626 1432 728 1485 auctor
742 1427 865 1495 itineris,
881 1445 932 1501 op·
987 1426 1028 1482 ris
1038 1425 1193 1482 mirabilia.
1203 1425 1332 1482 Laudem
1344 1442 1412 1499 ergo
1423 1425 1475 1481 tibi
1489 1425 1663 1498 generaliter
1673 1426 1811 1498 loquatur

109 1517 176 1567 tans
186 1517 215 1568 et
226 1528 350 1568 exorans
364 1512 405 1568 ita
420 1513 476 1569 sibi
491 1520 597 1571 cuncta
611 1516 734 1586 evenire,
753 1521 785 1572 ut
801 1518 934 1573 audierat
987 1514 1087 1589 lingua
1102 1514 1246 1582 omnium,
1262 1513 1332 1586 quia
1346 1513 1468 1587 dignum
1484 1519 1529 1569 est
1551 1513 1581 1568 in
1597 1513 1706 1570 talibus
1721 1513 1811 1588 gestis

112 1598 250 1657 affatibus
265 1601 412 1673 puellula.
987 1602 1117 1660 attollere
1143 1607 1170 1659 te
1192 1601 1349 1659 Dominum
1374 1602 1589 1659 universorum.
1612 1602 1755 1674 Equidem
1770 1608 1809 1672 te,

143 1689 170 1743 6.
188 1689 239 1745 His
254 1688 309 1745 rite
323 1690 448 1761 peractis
475 1695 504 1747 et
528 1692 637 1765 paratis
659 1694 874 1767 omnibusque
896 1694 932 1751 ad
988 1692 1119 1759 Domine,
1137 1709 1225 1764 super
1237 1691 1284 1747 his
1299 1690 1328 1746 in
1345 1695 1485 1747 eternum
1506 1690 1641 1759 laudabo,
1657 1695 1687 1746 et
1701 1691 1812 1765 gloritl·

109 1794 196 1833 usum
207 1777 251 1834 vel
263 1779 298 1833 ad
312 1779 422 1834 victum
432 1780 526 1835 loreut
536 1798 667 1854 congrua
680 1784 794 1839 eunetis
804 1783 932 1839 iteranti·
987 1781 1058 1837 cabo
1074 1797 1180 1836 nomen
1196 1785 1281 1836 tuum
1298 1780 1328 1835 in
1344 1779 1460 1836 secula.
1479 1804 1492 1830 »

108 1865 518 1940 buslitinerantibustgratias
528 1874 647 1942 agentes
658 1827 970 1944 DcoviamperguntB
1020 1872 1047 1925 8.
1063 1871 1099 1925 llt
1112 1887 1268 1926 conversus
1285 1870 1321 1924 ad
1337 1869 1387 1925 Dei
1404 1873 1514 1925 east-am
1530 1869 1673 1942 virginem
1690 1869 1754 1925 infit
1769 1870 1811 1927 ita

108 1954 274 2026 publicam;
291 1972 418 2027 sponsus
428 1972 536 2029 pompa
547 1957 678 2013 soeculari
689 1957 791 2015 hilaris
799 1965 826 2015 et
837 1960 932 2016 alacer
985 1958 1122 2032 inquiens
1139 1975 1145 2013 :
1164 1979 1178 2007 «
1194 1958 1282 2029 Cujas
1294 1963 1323 2014 et
1338 1957 1445 2031 puella,
1463 1958 1505 2013 vel
1522 1975 1539 2013 a
1555 1957 1663 2030 quibus
1678 1958 1737 2014 oris
1757 1960 1809 2015 ad-

107 2043 483 2118 extrinsecusvirgomulto
489 2046 663 2118 gaudentior
670 2047 932 2104 letabaturintrin·
984 2045 1089 2103 venisti
1104 2046 1222 2120 replica,
1234 2062 1400 2118 nomenque
1411 2051 1496 2102 tuum
1507 2049 1536 2102 et
1547 2046 1634 2104 tidem
1645 2052 1701 2102 tua
1712 2046 1809 2120 gentis

107 2133 467 2207 secus.Cunctaquippeei
479 2133 612 2192 Christus
624 2135 770 2193 tribuebat
780 2154 929 2210 prospera,
985 2137 1094 2209 pariter
1108 2135 1364 2209 designaAEstimo
1381 2135 1458 2191 enim
1474 2140 1502 2192 te
1517 2135 1703 2192 nobilissima
1718 2136 1808 2210 stirpe

107 2224 154 2278 cui
167 2223 232 2294 jam
247 2238 314 2278 cum
326 2222 468 2289 fideuera,
481 2239 533 2295 spe
550 2228 578 2280 et
594 2224 735 2281 charitate
749 2225 872 2300 integra,
888 2227 932 2282 la·
985 2225 1177 2299 progenitam,
1190 2230 1218 2280 et
1232 2223 1269 2280 ab
1280 2225 1353 2297 ipsis
1368 2224 1497 2282 infantie
1510 2224 1595 2282 cunis
1605 2225 1808 2282 ecclesiastica)

107 2311 215 2367 molari
230 2327 346 2384 semper
367 2327 452 2366 suam
472 2311 630 2369 devovebat
644 2313 784 2383 animam,
807 2332 930 2387 poscens
985 2314 1146 2386 disciplina
1161 2313 1266 2371 litteris
1281 2314 1436 2370 eruditam.
1449 2315 1517 2370 »Ad
1532 2314 1593 2370 hac
1608 2313 1658 2370 illa
1673 2317 1809 2371 menteet

105 2401 210 2457 Jesum
219 2399 368 2455 Christum
376 2399 472 2456 tacitis
483 2401 619 2474 precibus
627 2402 767 2458 custodiri
777 2407 862 2460 eoret
871 2419 931 2459 cor·
984 2404 1057 2459 faeie
1072 2402 1260 2458 serenissima
1270 2403 1418 2459 submisso
1428 2402 1520 2471 vultu,
1536 2402 1587 2459 tali
1601 2421 1668 2460 orsa
1680 2408 1724 2460 est
1739 2403 1808 2461 allo·

107 2509 164 2564 pus
187 2489 423 2558 immaculatum,
446 2507 481 2546 ne
503 2490 732 2548 contunderetur
751 2491 930 2549 illecebrosis
985 2491 1053 2563 quio
1070 2509 1076 2545 :
1095 2514 1108 2541 α
1125 2490 1153 2547 Si
1169 2491 1205 2547 dc
1221 2497 1315 2565 gente,
1328 2491 1550 2563 Pater,quaeris,
1567 2496 1595 2546 et
1609 2492 1736 2560 dominc,
1753 2507 1806 2566 ego

104 2579 379 2652 voluptatibus0re
394 2579 481 2635 tacito
497 2597 582 2636 mens
597 2581 707 2649 orabat,
733 2585 761 2636 et
776 2587 930 2654 protegen·
984 2579 1080 2652 gentis
1095 2595 1161 2635 sum
1178 2579 1322 2635 l'rancica
1340 2585 1427 2652 atque
1452 2580 1643 2654 Hunegundis
1658 2581 1739 2637 dicor
1754 2597 1807 2638 no·

106 2674 164 2726 tem
175 2668 372 2725 sellominum
388 2667 484 2724 cordis
498 2668 591 2726 oculis
602 2669 931 2742 conspiciebat.Suavis·
984 2668 1073 2734 mine,
1091 2668 1162 2724 etin
1184 2685 1258 2741 pago
1283 2673 1352 2723 nata
1375 2684 1442 2724 sum
1463 2669 1685 2738 Vermandensi,
1707 2687 1725 2724 a
1747 2685 1805 2742 quo

106 2756 601 2830 simisalloquiislegionessanctas
612 2758 781 2831 angelorum
793 2759 930 2815 evocabat
984 2756 1079 2816 delata
1102 2756 1160 2812 huc
1186 2756 1261 2812 veni.
1288 2757 1418 2812 llducata
1441 2755 1577 2828 equidem
1606 2774 1672 2813 sum
1701 2775 1805 2830 paren·

106 2846 240 2903 suumin
256 2845 447 2914 auxilium,et
462 2864 529 2902 cum
544 2846 681 2920 lacrpmis
697 2845 753 2902 sibi
769 2848 931 2921 adesscpe
984 2845 1075 2914 tibus,
1099 2844 1288 2913 Christicolis,
1314 2849 1342 2900 et
1363 2849 1464 2901 contra
1484 2844 1556 2900 velle
1578 2862 1688 2914 mcum,
1711 2851 1748 2915 et,
1773 2851 1808 2902 ut
1887 2887 1892 2894 2

107 2935 209 2991 scebat
223 2948 339 2990 omnem
351 2933 473 2991 chorum
485 2935 636 3008 agminum
657 2933 829 2990 coelestium.
839 2935 931 2991 Exau·
985 2932 1134 3002 credo,Dei
1147 2933 1298 3007 placitum,
1316 2950 1423 3006 sponso
1438 2934 1546 2989 tradita
1560 2951 1625 2990 sum
1637 2935 1805 3006 juvenculo,

107 3024 189 3079 ditur
202 3022 252 3079 Dei
268 3021 387 3089 famula,
404 3028 432 3078 et
442 3022 598 3079 comitante
609 3021 650 3078 illi
662 3021 759 3078 divina
769 3022 931 3080 misericor·
985 3040 1072 3096 quem
1088 3028 1232 3096 postpono
1244 3029 1272 3078 et
1282 3022 1377 3078 devito
1389 3023 1522 3079 devincta
1531 3021 1638 3078 Christi
1655 3023 1806 3093 charitate,

108 3112 168 3180 dia,
184 3111 303 3184 superni
323 3115 471 3184 respectus
496 3109 657 3184 promeruit
680 3112 794 3183 maj0ra
817 3110 928 3167 solatia.
985 3128 1044 3184 quo
1059 3112 1183 3168 ducente
1196 3115 1225 3166 et
1239 3111 1362 3179 favente,
1378 3115 1438 3167 toto
1462 3127 1582 3183 corpore
1606 3129 1672 3168 sum
1695 3112 1809 3186 integra

107 3202 301 3257 Sacrosancta
317 3200 417 3272 utiquc
432 3199 568 3274 praesidia
583 3199 638 3255 sibi
658 3215 725 3257 mox
747 3201 850 3256 adesse
866 3217 930 3273 per·
945 3195 967 3263 C
986 3204 1074 3273 atque
1089 3204 1186 3257 mente
1200 3199 1416 3274 impolluta.llli
1429 3217 1476 3255 me
1502 3201 1625 3257 devoveo
1641 3201 1691 3273 qui
1704 3202 1811 3257 creavit

110 3290 213 3357 sensit,
230 3305 294 3361 qua
310 3288 462 3344 defensam
473 3288 610 3345 omnibus
625 3287 819 3345 incommodis
835 3290 933 3345 Roma
988 3289 1134 3357 universa,
1151 3293 1238 3362 atque
1252 3289 1339 3346 tidem
1355 3306 1443 3362 quam
1459 3289 1584 3362 requiris
1598 3288 1655 3364 ipsi
1671 3307 1753 3346 servo
1764 3290 1810 3347 in·

108 3382 322 3452 praesentarunt
337 3376 504 3449 apostolicis
521 3377 736 3450 conspectibus,
763 3395 829 3434 cum
853 3377 933 3435 omni
987 3383 1110 3453 tegram.
1124 3382 1217 3446 Quam
1242 3380 1266 3435 si
1291 3379 1377 3453 plane
1400 3379 1443 3435 vis
1468 3378 1580 3447 audire,
1597 3379 1724 3452 pandam
1744 3377 1809 3457 tibi,

106 3466 275 3540 integritate
289 3466 355 3521 tidei
370 3470 399 3521 et
413 3464 553 3538 corporis.
565 3466 698 3540 Cumque
708 3472 932 3540 percunctaren-
989 3467 1072 3525 Pater
1086 3469 1205 3541 optime,
1222 3469 1301 3541 quia,
1322 3468 1389 3524 licet
1408 3469 1532 3524 barbara
1547 3466 1603 3524 sim
1620 3467 1748 3536 natione,
1763 3472 1810 3524 ta-

108 3552 932 3629 turlocaurhismundidomina,etsuperbctastuspon-
988 3573 1054 3613 men
1069 3557 1145 3613 hane
1160 3559 1285 3613 latemur
1314 3557 1400 3612 fidem
1429 3573 1527 3612 veram
1552 3560 1640 3629 atque
1665 3561 1809 3625 sanctam,
1899 3558 1902 3562 '

108 3662 160 3701 sus
169 3660 236 3700 cum
248 3641 399 3699 sodalibus
411 3642 542 3716 undique
553 3644 859 3718 circumseptus‚varia
869 3664 933 3703 san·
987 3664 1051 3719 quae
1068 3646 1150 3703 nobis
1165 3645 1195 3701 in
1211 3646 1269 3702 fine
1283 3645 1425 3719 temporis
1435 3652 1479 3703 est
1490 3645 1586 3702 delata
1596 3647 1631 3701 ab
1643 3646 1697 3702 hae
1708 3651 1811 3702 sancta

108 3737 224 3789 ciorum
241 3731 377 3787 circuiret
400 3732 540 3804 pignora3
566 3731 616 3787 illa
643 3733 739 3789 vitans
760 3735 932 3807 arrogantiae
987 3735 1055 3791 sede
1072 3734 1231 3807 apostolica
1246 3739 1274 3790 et
1289 3732 1434 3791 catholica
1455 3739 1549 3789 matre
1574 3733 1713 3790 Ecclesia.
1736 3735 1809 3790 llaec

108 3822 423 3889 comitatum‚solaihat
432 3823 467 3877 ad
476 3822 933 3897 apostolorumlimina.Sponsus
986 3825 1092 3880 etenim
1108 3828 1159 3879 tua
1174 3823 1314 3879 sanctitas
1329 3824 1400 3879 dum
1417 3839 1434 3876 a
1450 3823 1535 3878 nobis
1551 3823 1639 3879 fldem
1652 3822 1750 3895 exigit,
1766 3821 1808 3876 vl·

107 3927 172 3967 eam
183 3909 929 3982 estimabatrepausarepramultavielassitudine:
986 3913 1071 3969 detur
1086 3913 1170 3968 nobis
1185 3912 1269 3984 quasi
1292 3911 1427 3993 Christus
1452 3928 1468 3965 a
1492 3911 1676 3966 Samaritana
1698 3925 1807 3983 aquam
1887 3916 1889 3920 ‘

106 3998 158 4055 illa
167 3996 247 4055 velut
260 4002 356 4053 mente
369 4000 507 4053 renovata
515 4015 548 4053 ae
559 3998 706 4055 robustior
717 4000 931 4068 effecta,omnia
985 4001 1074 4058 tontis
1088 3999 1216 4074 postulet
1232 4017 1238 4056 :
1256 4000 1306 4073 qui
1322 4002 1393 4055 dum
1409 3999 1461 4056 tali
1476 3998 1614 4073 dignatus
1637 4003 1682 4057 est
1697 3997 1806 4071 perfrui

106 4086 176 4144 ioris
201 4091 230 4142 et
253 4087 333 4142 intus
358 4085 439 4142 urhis
455 4085 553 4142 Roma
569 4086 711 4144 circuibat
726 4089 861 4144 oratoria.
879 4090 929 4147 llle
984 4091 1121 4164 alloquio,
1138 4089 1234 4145 innuit
1249 4089 1374 4146 latenter
1384 4091 1461 4162 qued
1477 4089 1625 4145 neminem
1641 4107 1658 4144 a
1673 4089 1730 4145 ilde
1744 4087 1807 4143 ulla

103 4174 929 4250 ergoruituraoeulocorporeomirabaturceditlciaurbis
983 4185 1078 4253 potest
1092 4178 1170 4252 regio
1186 4177 1334 4251 repellere.
1357 4177 1438 4235 Unde
1463 4195 1517 4234 uos
1540 4176 1610 4250 quia
1632 4178 1719 4234 fidem
1746 4193 1804 4234 non

103 4263 322 4333 Hieriecntinae:
338 4261 443 4331 haecffin
459 4268 633 4336 perpetuum
658 4279 799 4320 mansura
820 4265 927 4322 mentis
981 4265 1802 4340 erubescimus,dcprovincianequaquamcontundimur,

104 4352 214 4409 intuitu
225 4351 368 4408 invisebat
376 4350 924 4426 elaramoeniucoelestisHiercsolymce,
980 4374 1047 4413 eum
1063 4356 1152 4413 David
1166 4354 1315 4429 precipiat
1329 4373 1430 4412 omnes
1445 4360 1548 4430 gentes
1559 4354 1696 4429 plaudere
1711 4354 1805 4409 mani·

101 4458 219 4514 semper
235 4442 271 4496 ob
295 4455 424 4496 amorem
443 4439 544 4513 patria
560 4441 684 4498 eoelestis
699 4441 728 4497 in
744 4443 926 4499 orationibus
980 4446 1035 4501 hus
1063 4450 1091 4501 et
1114 4445 1241 4516 jubilare
1267 4443 1325 4501 Deo
1356 4445 1385 4500 in
1413 4461 1483 4500 voce
1506 4441 1720 4510 exsultationis,
1744 4445 1800 4497 cte.

100 4537 129 4587 ct
144 4530 252 4604 vigiliis
272 4547 305 4586 ac
316 4529 440 4602 jeJ'uniis
455 4533 523 4586 ante
538 4531 735 4603 apestolorum
749 4530 852 4588 limina
863 4531 1185 4634 soloDVerumtamen
1215 4532 1353 4604 queniam
1382 4532 1548 4605 apostolicis
1566 4529 1801 4587 institutionibus

100 4621 258 4685 recubans,
274 4623 302 4675 et
311 4617 358 4674 vix
374 4619 409 4674 ad
426 4618 587 4692 hospitium
604 4619 730 4675 rediens.
978 4639 1134 4680 monemur
1148 4627 1181 4676 ut
1195 4621 1334 4677 omnibus
1344 4621 1532 4693 poscentibus
1542 4620 1685 4676 rationem
1697 4618 1733 4674 de
1748 4634 1800 4690 ape

134 4709 242 4764 7.lnde
252 4707 454 4781 spretisrebus
462 4706 638 4764 transitoriis
649 4707 806 4781 relictoque
815 4727 922 4783 sponso
976 4717 1005 4768 et
1020 4710 1161 4767 charitate
1176 4726 1240 4782 que
1254 4709 1284 4765 in
1298 4709 1381 4766 nohis
1397 4713 1442 4765 est
1457 4710 1649 4783 proteramus,
1666 4723 1723 4762 non
1740 4721 1800 4759 mo-

98 4815 167 4855 eum
183 4797 246 4855 suis
263 4797 411 4866 omnibus,
424 4813 533 4870 pernox
544 4796 644 4853 eratin
656 4798 847 4867 orationibus,
860 4816 921 4855 cor·
977 4816 1076 4856 remur
1091 4797 1202 4855 diutius
1217 4796 1339 4872 gloriam
1357 4797 1423 4854 fidei
1438 4800 1610 4853 nostratum
1625 4793 1799 4850 beatitudini

98 4906 156 4962 pus
166 4884 273 4960 vigiliis
282 4885 414 4947 ctinedia
425 4900 586 4954 macerans,
594 4890 623 4942 et
632 4886 730 4943 omnia
741 4904 804 4960 qua
815 4887 922 4943 habere
976 4887 1078 4961 paucis
1088 4885 1455 4943 demonstrare.Credimus
1468 4884 1577 4957 quippe
1585 4886 1613 4939 et
1624 4882 1799 4938 conlitemur

98 4974 923 5051 poteratpauperibuserogans:sicqucmonachaelficitur
976 4975 1237 5050 absqucprincipio
1248 4973 1389 5047 temporis
1405 4977 1433 5028 et
1443 4973 1501 5027 tine
1511 4986 1661 5026 summum
1672 4975 1700 5026 et
1709 4969 1797 5026 incir-

98 5081 164 5136 quae
180 5079 289 5135 sponsa
304 5063 478 5136 putabatur:
504 5067 533 5120 et
554 5063 701 5119 terrestris
725 5065 829 5137 copula
853 5082 920 5120 cum
975 5064 1187 5138 cumscriptum
1203 5062 1355 5136 Spiritum,
1372 5077 1464 5115 unum
1480 5058 1710 5131 omnipotentem
1734 5076 1798 5116 esse

97 5152 178 5209 omni
187 5167 295 5224 pompa
306 5151 452 5223 dejicitur,
460 5168 527 5208 cum
538 5170 555 5208 a
568 5151 684 5224 superis
700 5153 819 5209 castitas
829 5153 920 5210 virtu·
976 5159 1077 5223 Deum,
1090 5155 1176 5226 juxta
1190 5151 1268 5225 quod
1284 5149 1324 5205 ait
1347 5150 1461 5221 Moyses
1487 5165 1494 5203 :
1519 5147 1600 5215 Audi,
1624 5149 1717 5215 lsrael,
1742 5151 1797 5205 bo-

97 5246 161 5296 tum
168 5239 920 5316 reginadillunditur.llratcertegaudensquasiquod
975 5245 1067 5298 minuc
1082 5243 1152 5297 Deras
1167 5250 1229 5297 tuuc
1244 5242 1313 5295 hera
1328 5255 1400 5293 unus
1415 5246 1454 5293 cat
1468 5238 1555 5310 (Dect.
1571 5238 1622 5308 vr.)
1642 5237 1722 5292 Unus
1744 5243 1796 5305 est,

96 5333 246 5402 optaverat
262 5329 313 5383 diu
328 5329 492 5401 possidens,
509 5330 587 5385 unde
602 5346 655 5385 nec
680 5331 715 5386 ad
737 5337 919 5387 momentum
975 5333 1107 5403 inquam,
1125 5331 1202 5386 Deus
1232 5328 1315 5383 Pater
1340 5328 1499 5400 ingenitus,
1525 5344 1601 5383 unus
1627 5325 1717 5382 Filius
1733 5327 1797 5397 ejus

96 5422 212 5492 poterat
227 5417 391 5490 relinquere
405 5436 469 5492 quae
485 5436 553 5476 cum
568 5423 650 5475 tanta
664 5419 794 5475 claritate
813 5421 921 5477 meruit
976 5419 1242 5491 unigenitus,unus
1258 5415 1384 5489 Spiritus
1397 5415 1561 5473 sanctusah
1579 5417 1703 5486 utroque
1726 5431 1797 5487 pro·

96 5505 416 5567 invenire.Adveniente
426 5507 523 5563 denuo
538 5506 584 5562 die
598 5506 733 5563 stationis
744 5508 919 5579 apostolica,
975 5508 1091 5574 cedens,
1109 5505 1184 5562 Patri
1200 5509 1229 5561 et
1239 5504 1311 5561 Filio
1326 5509 1496 5571 coeternus,
1514 5503 1564 5559 sed
1589 5519 1705 5575 semper
1719 5502 1796 5560 idem

95 5594 250 5672 provoluta
264 5599 309 5651 est
327 5593 452 5667 pedibus
475 5595 615 5653 antistitis
639 5600 746 5654 sancta
772 5595 920 5655 catholica
977 5596 1060 5652 Pater
1075 5594 1162 5665 Deus,
1180 5594 1271 5652 Filius
1285 5593 1372 5663 Deus,
1392 5592 1519 5665 Spiritus
1543 5597 1663 5648 sanctus
1679 5591 1799 5660 Densa
