3900 6090
118 280 177 343 795
649 282 815 343 LllTrtLDl
840 278 1084 342 alterauuxsls
1107 276 1295 340 blONdClll.
1772 274 1824 339 796

119 416 216 474 lunda
232 415 371 473 cecitatis
386 414 531 490 gurgites,
549 432 600 470 nec
621 415 744 488 genibus
764 432 840 487 aqua
859 414 944 471 tactis
959 414 1117 481 Atandem
1145 414 1295 469 recordata
1319 413 1448 487 pignoris
1477 412 1522 469 sui
1555 411 1661 486 pavida
1692 410 1823 479 accurrit,

120 505 205 561 littus
222 504 358 570 alterum,
376 504 490 560 cunctis
506 503 682 562 mirantibus
698 503 862 562 subierunt.
999 503 1147 557 estimans
1169 503 1245 557 inter
1267 520 1387 575 vapores
1413 503 1552 576 igniferos
1576 501 1784 573 liquefactum,
1798 506 1824 557 rt

155 596 199 650 33.
215 595 286 649 Cum
304 612 369 649 vero
393 599 453 648 tota
476 594 545 647 urbs
568 593 720 648 festinaret
739 594 767 647 in
788 610 943 648 occursum

120 685 166 738 sui
183 683 318 756 pastoris,
335 683 467 754 quadam
487 682 593 737 mulier
609 680 763 754 parvulum
781 680 872 737 illium
890 680 945 736 cal·

119 771 205 827 darie
214 772 404 842 imposuerat,
414 770 625 842 suppositoque
637 771 702 841 igue
712 771 844 825 membro
853 771 944 824 inlan-

117 860 170 915 tuli
187 877 264 931 aqua
287 863 402 932 tepente
424 859 561 913 lavabat:
581 877 644 930 quar
670 876 737 913 vore
752 859 942 930 psallentium

116 948 241 1004 attonita
252 949 382 1003 obiciam
395 953 522 1019 creptum
532 948 650 1016 (leserit,
659 947 807 1018 additaque
819 947 944 1001 iol‘antu-

116 1037 147 1104 li,
166 1055 233 1092 eum
250 1037 361 1091 crateris
373 1037 487 1091 obviam
502 1041 604 1090 sancto
621 1036 756 1091 accurrit.
771 1036 941 1108 lgiturdum

117 1143 152 1182 ea
166 1125 416 1181 venerantissimis
434 1128 564 1179 moratur
579 1125 735 1196 exsequiis,
749 1125 826 1196 iguis
839 1124 941 1180 inlauti

118 1213 278 1286 suppositis
295 1212 452 1279 calescens,
470 1231 521 1268 aas
537 1214 672 1281 terreum,
685 1214 713 1266 in
731 1230 788 1284 quo
805 1213 942 1285 parvulus

117 1301 231 1372 positus
247 1305 317 1364 aret,
336 1301 476 1364 olranrbit,
496 1300 713 1371 immensosque
730 1300 839 1355 calores
853 1301 943 1357 elficit

117 1393 146 1444 ct
160 1389 331 1444 efferventes
343 1389 372 1442 in
385 1389 514 1460 seipsum
529 1389 798 1460 retunditrapores.
812 1389 881 1455 Quis
891 1406 943 1461 pu·

117 1482 192 1533 taret
211 1477 241 1532 iu
266 1477 315 1532 tuli
346 1477 515 1532 discrimine
540 1477 634 1532 virere
664 1477 829 1549 potuisset?
855 1479 941 1534 Porro

116 1566 201 1622 beato
215 1571 310 1621 mater
325 1584 391 1622 cum
413 1568 475 1639 J'am
498 1571 604 1622 sauctae
621 1565 749 1638 rebquiae
776 1567 854 1621 domi
880 1584 939 1622 suro

116 1656 615 1728 propinquassent.domesticosque
632 1654 707 1712 lares
725 1656 940 1729 recognovisset

999 595 1097 647 tenera
1115 591 1196 662 pueri
1212 591 1389 646 distabuisse
1400 593 1542 647 membra.
1555 591 1614 647 Sed
1627 590 1736 645 ardore
1751 589 1821 661 udat,

999 698 1062 752 que
1079 680 1159 735 illam
1183 685 1283 735 sancto
1303 680 1415 752 corpori
1431 680 1508 735 exire
1529 679 1647 735 obviam
1674 677 1822 750 compulit,

999 770 1137 824 restincta
1154 773 1197 823 est
1212 769 1341 824 ardentis
1357 769 1493 824 llamuras
1508 766 1627 822 camiui.
1646 766 1754 822 Subito
1769 769 1821 823 tar·

999 874 1062 912 roro
1085 857 1217 928 perculsa
1241 857 1332 911 lilium
1358 876 1415 912 uon
1442 858 1586 919 aciutaret,
1603 857 1699 910 donec
1724 855 1820 927 grandi

999 946 1123 1001 clamore
1141 946 1249 1001 mullos
1265 945 1461 1018 compelleret.
1480 943 1613 999 adunari.

1032 1036 1077 1089 at.
1095 1035 1173 1090 lleali
1196 1052 1281 1107 porro
1297 1035 1350 1098 riui
1366 1053 1472 1106 corpus
1495 1033 1631 1088 lruruaure
1646 1031 1818 1088 conditionis

996 1123 1059 1195 lege
1074 1124 1232 1196 sepultum,
1244 1141 1308 1179 vere
1325 1125 1353 1178 in
1366 1123 1480 1178 Christo
1496 1140 1526 1178 se
1536 1123 1631 1178 rivere
1641 1123 1820 1177 demonstrat

997 1213 1233 1285 frequentissima
1245 1212 1442 1267 consolatione
1451 1212 1623 1267 viventium.
1633 1211 1710 1266 Nam
1722 1211 1761 1266 ibi
1776 1226 1818 1265 re·

997 1302 1066 1373 cipit
1082 1302 1196 1356 cacitas
1210 1301 1318 1367 visum,
1335 1301 1471 1356 debilitas
1493 1316 1640 1373 grossum,
1656 1298 1817 1371 effugantur

996 1390 1314 1455 demonstrarentur
1334 1406 1402 1445 cum
1424 1390 1481 1444 fide
1504 1387 1672 1462 petentibus
1695 1403 1815 1460 congrua

995 1483 1071 1546 rota,
1085 1484 1240 1550 prestante
1251 1479 1374 1534 bomine
1388 1484 1488 1534 nostro
1501 1477 1570 1533 lesu
1584 1476 1703 1532 Christo
1718 1473 1763 1531 cui
1777 1480 1815 1532 est

995 1584 1061 1622 rum
1075 1568 1156 1622 Patre
1168 1572 1193 1622 et
1211 1566 1319 1638 Spiritu
1332 1571 1432 1622 sancto
1444 1566 1577 1622 honoret
1588 1564 1693 1637 gloria,
1707 1568 1735 1620 et
1745 1580 1813 1620 nuuc

995 1661 1024 1712 et
1039 1672 1090 1730 prr
1105 1661 1213 1712 aterna
1229 1655 1344 1712 secula.
1360 1657 1462 1710 Arnen.

419 1966 598 2082 urana
639 1966 1087 2084 uruxuumuou
1125 1969 1171 2081 s.
1215 1921 1522 2082 naxium

770 2175 921 2256 ausoris
942 2173 1169 2231 llllClACENSlS

663 2333 793 2390 Auctore
809 2327 929 2391 tetardo
945 2327 1086 2390 manacta
1103 2329 1278 2390 dlr'cracensi

746 2491 840 2564 (apuu
856 2487 979 2557 uisui,
998 2489 1062 2544 rea
1080 2489 1100 2556 r,
1117 2488 1191 2559 saar

647 2776 964 2866 PROLOGUS
999 2774 1286 2863 AUC'l'OlllS

154 2982 223 3037 1.1n
240 2980 389 3035 [lammam
405 2981 499 3036 sciens
516 2987 544 3036 ct
559 2983 687 3052 prudens
703 2983 787 3037 mitto
809 2997 940 3047 manum,
957 2983 980 3047 B
1031 2983 1057 3034 2.
1075 2982 1137 3046 Qua
1151 2980 1185 3035 dc
1201 2995 1231 3034 re
1256 2976 1403 3033 temerarii
1419 2976 1538 3048 quidem
1564 2993 1656 3032 ausus
1681 2988 1808 3048 praesum·

120 3070 170 3143 qui
182 3068 419 3140 praesumpserim
432 3068 507 3123 inter
519 3073 560 3123 tot
571 3069 878 3141 eloquentissimorum
891 3069 946 3137 tluff

119 3156 200 3211 mina
211 3154 368 3211 homuncio
380 3156 488 3210 arentis
500 3157 606 3229 ingenii
619 3174 680 3213 rom
697 3159 838 3213 hactenus
849 3157 941 3213 intac-

118 3249 179 3299 tam
188 3247 412 3311 attentare,curu
425 3261 481 3297 non
494 3245 734 3317 praesumpserint
743 3246 792 3316 qui
803 3245 904 3301 idonee
915 3250 943 3301 et

120 3334 318 3404 competenter
332 3331 367 3386 ad
385 3332 413 3386 id
430 3332 616 3387 efficiendum
636 3332 878 3388 sufficientissimi
900 3334 943 3389 lo·

119 3424 193 3486 rent,
202 3423 231 3475 et
243 3435 319 3474 nunc
332 3419 443 3474 adalim
452 3408 715 3492 'lloreant,quorum
728 3423 822 3493 arguti
834 3421 943 3477 exami-

120 3509 166 3564 nis
177 3508 260 3564 lance
275 3510 304 3564 et
320 3506 488 3579 prejudicio
499 3509 686 3564 condemnari
702 3512 876 3567 vercaelloe
891 3527 942 3567 au-

119 3602 179 3654 tem
188 3597 316 3669 estquod
326 3615 343 3652 a
353 3589 536 3670 tem'poribus
547 3598 685 3670 piissime
695 3600 840 3655 memorie
853 3601 943 3673 patris

119 3684 269 3742 Maximini
282 3686 419 3757 usquead
431 3685 607 3758 haequibus
618 3704 671 3742 uos
681 3688 945 3761 corrsilioOmnipo·

118 3774 208 3830 tentis
220 3774 269 3846 qui
280 3776 364 3829 vocat
375 3791 409 3828 ca
420 3791 482 3846 qua
494 3792 552 3830 nou
564 3780 633 3830 srrnt
648 3779 798 3849 tamquam
810 3794 873 3849 qua
885 3777 944 3833 siut

112 3865 182 3921 'esse
193 3863 312 3936 placuit,
325 3880 392 3919 cum
404 3863 518 3919 diverso
532 3865 618 3920 modo
631 3863 712 3920 locus
725 3864 772 3921 illo
784 3883 870 3937 quem
883 3865 945 3937 ipsa

118 3953 163 4007 vir
177 3951 294 4007 bomini
314 3955 516 4008 construxerat
537 3952 718 4009 bliciaceusis
738 3953 847 4010 scilicet
866 3971 943 4010 nune

120 4040 262 4106 floruerit,
284 4057 362 4094 nuuc
387 4040 496 4095 ultima
523 4042 677 4113 abjectioni
703 4043 840 4114 patuerit,
857 4043 943 4098 modo

120 4143 237 4198 quoquo
248 4144 398 4198 resurgere
411 4130 531 4183 tentarit
543 4146 548 4183 :
560 4128 636 4185 inter
651 4149 723 4202 quas
738 4149 839 4188 omues
849 4131 944 4186 varie-

122 4219 195 4270 tates
206 4213 361 4269 clemeutia
373 4216 569 4273 misericordis
580 4219 630 4273 Dei
640 4236 791 4290 uunquam
805 4219 945 4287 abluit,‚et

122 4301 329 4359 miraculorum
346 4304 430 4375 copia
440 4306 553 4360 meritis
564 4308 696 4379 ejusdem
712 4308 804 4363 Patris
815 4309 944 4364 exhibita
958 4338 979 4405 C

119 4390 290 4448 vacillantes
301 4397 329 4447 et
341 4392 469 4464 trepidos
482 4396 587 4466 saepius
596 4394 745 4451 consolata
753 4401 811 4463 est;
822 4398 943 4453 iurcmrr

121 4498 206 4536 nomo
230 4481 326 4553 potuit
341 4481 391 4552 qui
416 4481 469 4537 hoc
495 4483 602 4554 scripto
618 4484 725 4551 ederet,
740 4492 884 4556 quatenus
908 4487 944 4541 ad

121 4568 253 4626 notitiam
271 4570 561 4641 posteritatisordioe
579 4571 944 4644 pervenirevaleret.0rrod

120 4658 219 4730 magni
240 4658 367 4713 arbitror
390 4659 567 4727 detrimenti,
585 4676 651 4724 eum
678 4666 706 4715 et
731 4661 779 4716 Dei
804 4663 945 4719 beneficia

119 4746 229 4819 ignavae
243 4745 381 4802 oblivioni
393 4748 453 4803 sint
464 4749 571 4803 tradita
582 4752 611 4803 et
623 4748 704 4803 locus
715 4751 855 4822 abjectior
864 4751 945 4807 habi·

120 4836 362 4908 tus,quautusvel
375 4837 470 4909 qualis
479 4837 548 4891 olim
562 4838 649 4893 luerit
658 4839 846 4896 monimentis
856 4840 944 4896 silen-

120 4923 199 4980 tibus
211 4942 284 4998 peue
297 4926 410 4981 cunetis
421 4927 603 4999 incognitum
615 4926 664 4981 sit.
674 4926 747 4982 Nam
758 4929 835 4999 quod
847 4929 881 4984 ad
894 4929 943 4985 ali-

120 5014 509 5087 cujusnotitiamperveniro
520 5015 945 5089 potuit,quodsubuculisejus

120 5101 167 5157 cui
184 5102 340 5158 innotescit
360 5108 506 5175 patratum
529 5121 587 5159 uon
608 5108 667 5172 est;
686 5104 714 5159 id
735 5107 835 5177 procul
855 5107 944 5163 dubio

121 5193 172 5245 aut
186 5189 292 5247 litteris
307 5196 358 5247 aut
374 5192 530 5247 traditione
547 5192 614 5247 vivre
635 5194 713 5248 vocis
728 5193 873 5266 perlatum
889 5200 943 5251 est.

121 5279 201 5343 Quod
214 5285 312 5335 autern
324 5286 427 5337 neutro
438 5281 553 5348 horum,
567 5283 595 5337 id
613 5282 712 5354 procul
725 5284 814 5341 dubio
830 5303 865 5340 an
883 5286 944 5342 suc·

122 5367 170 5431 rit,
181 5367 224 5422 rel
241 5385 298 5423 non
315 5369 412 5440 suerit,
424 5387 539 5426 mecum
556 5371 664 5443 paritor
680 5389 779 5427 amnes
797 5375 943 5432 tacebunt.

122 5455 202 5511 Tollo
218 5457 398 5514 monimenta
414 5460 449 5514 de
464 5460 563 5527 rebus,
576 5477 693 5515 neccsse
708 5465 752 5516 est
768 5467 799 5517 ut
816 5471 943 5534 pereant,

123 5547 152 5598 et
167 5547 261 5600 status
275 5546 389 5602 risendi
410 5548 511 5602 ordine
527 5549 647 5603 couluso
667 5550 774 5605 titubet
790 5556 817 5606 et
832 5553 946 5611 vacillet

997 3069 1104 3140 ptioue,
1119 3074 1246 3123 attamen
1263 3067 1343 3122 utilis
1360 3066 1505 3138 protectus
1522 3063 1766 3136 contemplatione
1777 3061 1807 3118 ad

996 3158 1051 3212 hoc
1068 3157 1219 3212 annimum
1238 3156 1347 3229 appuli,
1366 3159 1398 3210 at
1413 3171 1475 3226 qua
1491 3153 1534 3208 vel
1551 3153 1614 3225 ipse
1629 3147 1809 3216 viderim,rel

997 3248 1185 3318 probatorum
1201 3247 1328 3301 veridica
1352 3243 1488 3299 relatione
1512 3242 1712 3315 cognoverim,
1726 3241 1759 3296 (le
1770 3237 1810 3293 his

997 3334 1130 3389 videlicet
1139 3352 1202 3405 qure
1220 3332 1374 3388 intentioni
1386 3334 1455 3386 suot
1465 3330 1622 3386 scribenda
1633 3335 1775 3402 putarem.
1785 3325 1809 3382 lo

998 3439 1055 3494 quo
1071 3424 1166 3494 operis
1182 3426 1316 3478 contextu
1328 3420 1369 3475 nil
1384 3421 1493 3474 mirum
1503 3418 1595 3474 videri
1603 3418 1701 3485 debet,
1713 3417 1739 3473 si
1748 3431 1812 3489 quc·

997 3513 1064 3568 dam
1083 3513 1254 3567 interseram
1271 3528 1333 3583 qua
1350 3509 1385 3564 ad
1402 3510 1429 3562 id
1447 3507 1595 3580 negotium
1613 3508 1757 3579 pertinere
1769 3503 1813 3560 mi·

999 3604 1076 3658 nimo
1091 3601 1254 3666 rideantur,
1267 3616 1332 3655 cum
1350 3599 1378 3653 id
1391 3603 1419 3653 et
1430 3614 1495 3652 raro
1507 3596 1688 3665 saciam,etsi
1701 3595 1813 3652 intuitus

999 3696 1075 3747 recte
1096 3688 1266 3763 speculandi
1292 3687 1370 3743 adsit
1393 3703 1451 3741 non
1472 3686 1534 3742 siue
1557 3685 1814 3742 causa..Nametr

998 3779 1160 3835 Chlodoveo
1176 3777 1356 3848 incipienset
1366 3776 1401 3831 de
1412 3777 1476 3846 ejus
1486 3773 1583 3830 solerti
1599 3772 1718 3847 ingenio
1733 3784 1813 3846 paura

999 3869 1157 3924 admodum
1174 3864 1329 3938 praelibans
1344 3880 1377 3920 ea
1388 3865 1424 3919 dc
1435 3879 1464 3920 re
1478 3864 1506 3918 id
1516 3861 1605 3928 rolui,
1619 3866 1651 3917 ut
1661 3879 1696 3918 eo
1707 3865 1813 3919 aneon

999 3959 1084 4028 cujus
1094 3953 1294 4010 munificentia
1304 3953 1385 4008 loeus
1397 3953 1431 4007 de
1443 3969 1500 4024 quo
1514 3951 1594 4022 loqui
1606 3951 1752 4023 gestimus
1762 3963 1814 4004 ou·

999 4043 1451 4118 pitexordiummostraquoque
1462 4040 1641 4096 narrationis
1651 4039 1815 4095 fundaretur

998 4133 1187 4207 principium.
1205 4132 1277 4186 ltcm
1294 4147 1361 4187 eum
1379 4129 1454 4185 filios
1469 4131 1533 4201 ejus
1554 4129 1674 4195 induco,
1692 4128 1721 4183 id
1736 4139 1816 4182 caum

999 4221 1074 4278 beati
1086 4221 1160 4276 Aviti
1178 4219 1250 4274 lacio
1261 4223 1289 4274 ct
1304 4218 1511 4290 antiquitatem
1522 4222 1550 4272 rt
1561 4216 1695 4272 studium
1711 4212 1816 4289 precatu

999 4313 1063 4383 ejus
1079 4309 1284 4365 commendare
1298 4307 1407 4363 volens.
1425 4308 1539 4362 Rursus
1554 4321 1623 4362 curn
1638 4321 1742 4377 regum
1755 4307 1818 4360 tem·

1000 4416 1070 4473 pora
1086 4415 1136 4470 per
1149 4413 1293 4453 annorum
1311 4395 1548 4468 supputationem
1560 4394 1703 4466 usquead
1715 4391 1818 4449 cauus

1000 4490 1114 4544 bortum
1138 4485 1281 4558 Sigeberti
1308 4484 1401 4539 fllium
1426 4484 1586 4555 distinguo,
1603 4483 1633 4538 id
1650 4481 1765 4538 dumus
1786 4494 1818 4535 ex

999 4577 1097 4632 causis
1112 4574 1218 4642 efficio,
1230 4577 1262 4629 ut
1277 4574 1462 4645 comprobem
1474 4573 1505 4627 B.
1519 4573 1739 4627 Launomarum
1749 4566 1819 4642 putri

1000 4663 1157 4720 Maximino
1168 4661 1367 4735 synchronum
1382 4661 1483 4725 luisse,
1495 4662 1637 4716 duntaxat
1648 4659 1691 4715 sie
1703 4659 1820 4731 utpnm

1000 4751 1157 4809 Maximino
1173 4750 1266 4806 aetatis
1282 4750 1414 4822 perlectis
1426 4748 1473 4804 hie
1488 4748 1678 4804 adolesceret.
1690 4747 1749 4804 Nec
1758 4747 1819 4803 aute

999 4842 1134 4897 eumdem
1151 4843 1263 4912 patrem
1276 4838 1468 4893 Maximinum
1485 4837 1515 4892 in
1530 4837 1584 4892 hac
1595 4834 1821 4909 nostraregioue

1000 4944 1178 5003 quemquam
1195 4932 1311 5000 patrum
1325 4929 1388 4998 ejus
1400 4927 1584 4982 auctoritatis
1595 4925 1742 4997 scriptum
1751 4923 1823 4980 iure·

1000 5018 1067 5085 niri,
1079 5019 1128 5089 qui
1146 5021 1188 5071 tot
1203 5021 1319 5071 sanctos
1336 5019 1365 5071 ct
1381 5015 1512 5070 illustres
1526 5015 1604 5071 viros
1618 5009 1752 5085 exemplo
1765 5027 1823 5070 sun

1000 5104 1193 5162 institutionis
1210 5103 1385 5171 deformarit,
1403 5109 1490 5177 atque
1515 5102 1579 5159 idco
1602 5118 1661 5158 non
1678 5099 1824 5158 immerito

1000 5193 1215 5266 conjiciendum
1228 5192 1325 5265 ipsum
1341 5198 1475 5248 sanctum
1487 5195 1516 5247 et
1525 5188 1824 5247 venerabilemvirum

1001 5286 1218 5340 Launomarum
1231 5282 1265 5337 do
1281 5281 1335 5338 hac
1349 5282 1412 5354 ipsa
1427 5282 1491 5353 ejus
1506 5279 1685 5352 processisse
1697 5274 1825 5351 discipli·

1000 5390 1053 5430 na:
1067 5388 1134 5427 cum
1144 5376 1172 5425 et
1182 5375 1313 5442 tempora
1322 5371 1543 5436 eorreordent,et
1555 5368 1743 5426 familiaritas
1752 5368 1825 5423 iuter

1001 5463 1190 5518 blieiarenses
1203 5464 1231 5513 et
1242 5458 1452 5515 Corbionenses
1463 5458 1601 5527 (Certiora)
1610 5474 1706 5530 usque
1717 5457 1753 5514 ad
1765 5456 1824 5512 heo

1001 5569 1073 5626 pene
1089 5556 1221 5622 ttrmpora
1238 5549 1406 5605 inconvulsa
1419 5548 1621 5621 perseverarit.
1634 5546 1765 5620 Denique
1774 5544 1825 5602 lla·
