3908 6082
119 240 176 302 sn
667 188 1270 304 ausoniensavunsrssaolns.
1765 235 1819 300 ou

120 377 348 455 dispensationis
377 376 424 437 bic
456 378 500 434 vir
532 386 651 438 sanetus
685 383 853 452 acceperat,
884 369 1207 446 nonAperegrinoset
1223 375 1418 431 advenesnon
1434 372 1818 449 eiresouosmnonsaspi-

121 470 319 529 mediocribus
343 488 460 545 quoque
488 476 613 544 paterna
643 469 821 527 liurcditatis
850 467 944 526 titulis
998 461 1065 529 ciet,
1083 462 1235 534 prelatum
1250 462 1471 520 sanctissimum
1486 465 1647 521 Nivardum
1664 464 1819 523 Remorum

122 578 139 617 a
167 560 403 633 progenitoribus
425 559 624 632 temporaliter
646 559 734 615 etiarn
762 561 875 614 certum
898 560 944 612 est
998 552 1165 624 pontificem
1195 553 1299 625 llagrat
1326 553 1429 609 ardore
1458 554 1622 627 expetendi.
1652 553 1723 623 Qui,
1751 552 1821 611 sicut

122 648 267 717 lloruisse,
284 649 363 721 quod
388 648 529 716 videlicet,
547 648 572 705 si
596 649 662 722 quis
687 647 842 719 diligenter
863 645 942 714 velit,
998 640 1136 708 diximus,
1154 642 1320 713 apostolicae
1343 640 1538 701 institutionis
1554 642 1820 717 prorogati-rasul-

121 739 151 793 in
177 744 314 811 promptu
338 743 384 795 est
407 755 573 811 agnoscere,
600 755 666 793 eurn
691 754 764 809 peuc
788 751 881 807 usque
907 735 942 790 ed
997 729 1100 799 lullus,
1117 731 1279 788 nobilitatis
1295 732 1405 789 honore
1420 732 1615 801 clarissimus,
1631 732 1820 789 variisvirtu·

121 826 181 882 hac
208 832 309 884 nostra
331 832 462 899 tempora
484 829 548 897 eins
574 827 651 897 juris
676 826 758 882 villas
784 828 814 881 ct
836 822 944 896 pradia
997 824 1061 875 tum
1072 821 1228 892 generibus
1237 822 1491 889 adornatus,inter
1501 824 1682 878 Francorum
1693 838 1819 895 prooem

121 920 181 972 tarn
197 916 275 973 ultra
291 916 429 991 Ligerim,
440 916 491 971 ubi
503 917 614 972 Diseias
625 916 742 981 dicitnr,
755 931 843 987 quarn
854 914 942 969 ctiam
997 908 1112 980 primus
1128 909 1157 963 in
1173 909 1240 965 aule
1255 911 1342 982 rogis,
1358 910 1418 966 vita
1437 916 1465 967 et
1479 909 1703 967 conversatione
1719 911 1818 983 dignis·

121 1004 198 1060 intra
223 1006 296 1061 lines
321 1007 484 1078 Aquitania
508 1006 677 1071 constituta,
702 1005 733 1060 lri
757 1004 807 1075 qui
832 1003 887 1058 sibi
912 1003 941 1057 in
998 997 1092 1053 siturus
1109 997 1246 1072 fulgebat.
1259 999 1311 1055 Por
1333 1001 1362 1055 id
1378 1000 1518 1071 tenrporis
1536 1018 1572 1056 oa
1585 1000 1694 1057 civitas
1711 1004 1817 1057 soncio-

121 1095 292 1150 rrronastorii
309 1096 355 1151 sui
366 1094 506 1167 regimine
523 1093 882 1166 probantursuceessisse,
892 1109 944 1165 per
998 1103 1063 1140 rum
1080 1087 1188 1158 stipata
1203 1087 1382 1157 cohortibus,
1395 1094 1423 1144 et
1433 1088 1500 1145 licot
1512 1090 1589 1145 inter
1603 1089 1754 1145 militares
1762 1086 1816 1147 alm

121 1180 209 1254 longe
223 1186 387 1254 temporurn
399 1183 544 1238 curricula
555 1184 622 1255 ‚jure
633 1184 729 1255 quieto
740 1182 793 1238 visi
807 1182 867 1236 sint
880 1198 944 1252 pos·
997 1175 1052 1231 sub
1068 1176 1198 1247 principe
1212 1193 1265 1232 suo
1281 1176 1452 1245 childerico,
1468 1178 1555 1250 capiti
1570 1182 1672 1233 tarnen
1690 1194 1747 1234 suo
1758 1194 1816 1235 eou-

122 1270 242 1326 scdissc.
259 1272 315 1327 Sed
333 1272 534 1346 ingruentium
553 1289 643 1328 cause
663 1271 819 1335 malorurn,
835 1270 942 1342 partim
997 1280 1079 1331 sona,
1097 1264 1187 1320 (livini
1203 1282 1301 1322 amore
1316 1266 1413 1322 cultus
1428 1267 1498 1323 urbs
1517 1265 1664 1339 populoso
1680 1266 1814 1341 spirabat.

122 1358 299 1433 negligentia
318 1361 506 1433 torpentium,
523 1359 630 1433 partini
649 1361 735 1416 etiarn
753 1357 862 1414 crudeli
878 1374 942 1432 per·
997 1353 1092 1424 liujus
1102 1350 1201 1426 itaque
1210 1358 1296 1412 tenta
1307 1354 1453 1428 opinionis
1463 1357 1557 1430 gratia
1567 1354 1816 1430 provocatuslolin

120 1447 942 1521 versurumintestationegentiumvidonturamissaque
997 1441 1167 1500 adolescens
1189 1443 1373 1511 bercharius,
1387 1444 1592 1503 ecclesiasticis
1614 1444 1815 1515 saoramsul'n,

121 1537 270 1608 quondam
286 1538 496 1594 monachorum
521 1540 637 1595 fuerant
662 1538 765 1594 usibus
790 1535 941 1593 attributa.
997 1531 1066 1599 fide,
1077 1531 1180 1588 habitu
1191 1536 1295 1589 electu
1310 1534 1494 1606 aptissimus,
1505 1533 1635 1591 cumillo
1645 1534 1737 1591 baete
1745 1548 1815 1603 nt,

121 1625 188 1692 Sed,
205 1629 238 1680 ut
253 1628 289 1681 ad
306 1626 334 1681 id
352 1628 429 1698 qrrod
445 1628 587 1699 caepimus
602 1628 821 1699 exsequendum
843 1625 942 1681 redea-
997 1621 1042 1677 cui
1056 1622 1235 1693 ‚jampridem
1252 1622 1363 1678 dictum
1379 1639 1397 1678 a
1411 1622 1535 1679 Domino
1553 1622 1677 1681 luerat:
1694 1622 1815 1697 Surda

120 1730 198 1781 mus,
215 1731 281 1770 cum
304 1715 459 1786 pradictus
482 1716 610 1788 pontifex
634 1721 764 1780 sanctus,
782 1734 798 1771 a
812 1715 865 1770 viri
890 1713 942 1770 Dei
956 1736 981 1805 B
997 1709 1029 1765 de
1043 1718 1117 1767 terra
1130 1711 1201 1767 etde
1215 1714 1373 1782 repectione
1387 1719 1444 1779 tuo,
1458 1719 1484 1769 et
1497 1715 1561 1768 ucat
1575 1715 1607 1768 in
1624 1720 1732 1769 terrem
1744 1726 1814 1787 qu

120 1802 292 1873 perentibus
307 1804 411 1859 debite
426 1805 622 1860 venerationis
642 1804 826 1871 liberalitate,
844 1808 876 1859 ut
891 1820 944 1876 par
995 1807 1179 1857 monstravero
1207 1801 1268 1866 tibi,
1293 1808 1319 1856 et
1342 1803 1445 1871 socium
1467 1808 1491 1857 te
1520 1804 1698 1858 cresceretis
1721 1808 1813 1875 aar·

120 1894 192 1956 erat,
204 1891 418 1948 officiosissime
428 1898 594 1965 susceptus,
607 1894 767 1965 quamdam
780 1894 884 1949 lutura
894 1891 944 1949 ha·
995 1905 1124 1960 magnam
1138 1888 1215 1959 (Gen.
1232 1905 1283 1958 xri,
1301 1892 1326 1957 l,
1341 1893 1381 1958 2),
1398 1890 1486 1945 sidem
1511 1890 1698 1963 participans
1712 1894 1742 1947 ot
1762 1906 1810 1949 me·

121 1977 264 2034 bitudinis
279 1979 406 2051 speciem
428 1981 584 2037 miraretur
607 1982 635 2035 in
661 1999 749 2053 puero
765 1980 943 2053 bonioperis
997 1977 1097 2044 ritum,
1122 1979 1325 2051 cognationem
1355 1978 1523 2052 relinquens
1547 1983 1576 2036 ot
1601 1978 1809 2055 patriam‚peul

122 2064 403 2142 candidato-divino
426 2068 567 2124 instinctu
588 2071 680 2125 sacris
704 2069 850 2142 mysteriis
874 2085 942 2125 eum
995 2063 1075 2139 longi
1091 2067 1199 2124 laboris
1215 2083 1380 2135 excursum,
1395 2068 1468 2123 fines
1490 2068 1658 2141 ingreditur
1683 2069 1807 2137 Frende,

122 2153 331 2226 applicandum
347 2172 411 2212 csse
426 2158 608 2229 praecensuit.
624 2159 683 2213 llae
702 2157 800 2230 itaque
815 2155 941 2214 sanctis·
995 2154 1112 2213 futurus
1128 2173 1194 2212 curn
1206 2158 1236 2213 S.
1248 2156 1371 2213 Nivardo
1387 2157 1523 2230 pontillce
1537 2157 1616 2213 cives
1631 2156 1805 2215 felicissima

121 2241 188 2296 simi
204 2243 352 2316 pontilicis
367 2244 540 2301 auctoritato
559 2245 681 2301 animati
698 2244 877 2301 ‹levetissinii
891 2260 940 2318 gc-
996 2245 1039 2316 (ut
1053 2245 1186 2318 patulum
1201 2250 1246 2302 est
1260 2246 1290 2300 in
1306 2245 1498 2317 sequentibus
1511 2244 1743 2318 deprehendam)
1755 2254 1806 2305 aa·

121 2331 241 2397 nitores,
258 2331 464 2388 inlratencros
486 2350 578 2389 annos
593 2339 698 2389 exacta
715 2334 940 2401 inlentia‚tem-
995 2338 1046 2389 ctas
1072 2334 1224 2390 Remensis
1248 2333 1392 2401 Ecclesia,
1413 2335 1443 2389 in
1467 2339 1662 2407 augmentum
1686 2332 1805 2393 videlieet

121 2419 200 2490 poris
211 2420 458 2490 opportunitatem
469 2420 742 2489 nacti,litteratoria
752 2420 941 2494 professionis
995 2421 1172 2493 operationis
1195 2422 1314 2487 divine,
1340 2437 1430 2493 quam
1460 2420 1574 2476 Domini
1605 2420 1804 2495 omnipotentie

121 2505 300 2563 salutaribus
315 2507 480 2580 disciplinis
495 2525 561 2564 rnox
575 2509 803 2583 mancipandum
816 2527 881 2567 esse
895 2510 940 2566 dc·
995 2509 1207 2582 Redemptoris,
1221 2510 1251 2565 in
1262 2509 1411 2566 lucrandis
1423 2509 1554 2565 tidelium
1564 2511 1805 2587 animarumque·

121 2600 255 2664 cernunt,
271 2597 301 2652 in
325 2614 381 2670 quo
411 2603 557 2670 praeunte
580 2616 713 2672 superno
736 2597 941 2656 illustrationis
995 2599 1091 2655 stibus
1105 2614 1157 2672 per
1170 2600 1224 2656 hos
1239 2600 1312 2655 duos
1328 2614 1467 2672 synergos
1481 2597 1672 2657 felicissimos
1687 2598 1805 2673 proult

120 2699 252 2755 munero,
268 2701 336 2742 cum
351 2703 439 2743 sacra
455 2686 648 2745 institutionis
667 2689 807 2745 instantia
822 2687 941 2761 spirite-
995 2691 1114 2745 neverat
1136 2687 1306 2761 adimplere.
1323 2687 1375 2744 llio
1391 2687 1482 2761 igitur
1504 2687 1610 2745 beatus
1633 2688 1762 2761 pontifex
1772 2688 1806 2745 -ul

119 2773 193 2831 liunr
222 2773 310 2831 otiam
334 2775 477 2832 donorum
506 2776 653 2832 fulserunt
680 2777 871 2833 incrementa.
886 2777 941 2845 Qui
995 2794 1111 2849 semper
1134 2781 1293 2848 optaverat,
1309 2775 1360 2832 tali
1385 2793 1419 2833 ao
1444 2780 1525 2833 tanto
1549 2792 1682 2850 suppare
1703 2776 1804 2851 adapta

120 2863 303 2921 sciliectnon
320 2866 412 2922 otioso
427 2882 534 2938 passus
549 2864 600 2922 illa
618 2866 653 2922 de
667 2864 850 2923 lucidissimo
864 2866 941 2923 litte·
995 2865 1134 2939 quoniam
1163 2866 1227 2938 ipse
1249 2865 1442 2921 exterioribus
1465 2864 1626 2923 tractanda
1653 2862 1806 2941 reipublice

120 2970 219 3008 reruni
236 2954 315 3009 fonto
331 2955 506 3010 commercia
521 2954 576 3011 sub
592 2955 685 3010 atatis
701 2959 805 3010 tenera
820 2971 943 3027 crepun·
995 2954 1090 3011 fuerat
1105 2953 1229 3026 nogotiis
1244 2952 1423 3027 implicatus,
1439 2953 1524 3027 regia
1539 2952 1806 3028 dispositioniuoou·

120 3040 177 3097 diis
196 3043 346 3098 ardentius
370 3042 538 3115 alrgregare,
556 3043 664 3114 quibus
688 3048 789 3116 postca
813 3044 843 3098 in
860 3040 942 3099 virile
995 3042 1070 3100 siliis
1091 3047 1119 3099 cl
1143 3042 1258 3099 actibus
1283 3043 1449 3114 frequenter
1473 3042 1627 3110 interesse,
1643 3038 1806 3115 poutilltal'n

121 3128 210 3184 robur
239 3146 408 3202 assurgens,
423 3134 452 3186 ct
479 3131 535 3187 sibi
559 3134 587 3187 el
611 3131 677 3188 aliis
706 3133 742 3187 ad
771 3104 977 3188 mensuramC
995 3131 1182 3205 providentie
1198 3131 1313 3204 pondus
1322 3130 1421 3186 volens
1437 3129 1575 3187 nolensve
1584 3129 1697 3188 omlcsts'
1707 3130 1807 3189 ordin·

121 3216 941 3292 Dominicadispensationispotuissotprodesse.ltajem
995 3219 1075 3277 tione
1102 3217 1239 3293 perferre,
1260 3217 1457 3274 ministerium
1481 3217 1537 3274 sibi
1561 3218 1735 3301 injunctum
1753 3220 1805 3275 tu

120 3309 191 3361 tunc
206 3305 328 3378 puerilis
342 3307 543 3363 inconstantia
556 3312 664 3376 motus,
676 3308 785 3381 quibus
801 3325 877 3380 sepe
890 3305 942 3364 illa
995 3307 1112 3380 publice
1127 3312 1191 3364 turn
1206 3305 1342 3380 privatim
1357 3306 1543 3378 increpando,
1560 3306 1724 3380 arguendo,
1736 3306 1806 3365 eltn-

121 3398 190 3450 atas
204 3393 303 3450 labilis
324 3400 353 3451 ct
377 3395 454 3451 lluaa
479 3395 641 3461 resolvitur,
658 3397 882 3469 rigorevirtutis
896 3396 940 3451 in·
996 3397 1115 3466 orendo,
1139 3399 1172 3452 ut
1197 3396 1345 3469 perlectus
1373 3393 1501 3467 agricola
1529 3394 1654 3452 sedulus
1677 3408 1806 3461 mom

120 3482 226 3556 genitor
239 3486 268 3539 et
277 3483 573 3557 moderaminisJusti
583 3500 761 3557 componens
776 3485 939 3553 honestato,
995 3486 1102 3560 gaudio
1128 3483 1293 3557 replebatur
1318 3500 1377 3540 non
1404 3483 1528 3551 modico,
1545 3482 1689 3541 familiari
1712 3482 1807 3558 [νὴ

120 3575 153 3627 ut
168 3574 272 3642 prater
285 3569 346 3627 hec
371 3570 478 3644 quibus
502 3570 637 3628 addictus
663 3572 756 3629 luerat
777 3570 940 3629 littoramm
995 3575 1128 3647 adiutore
1141 3573 1274 3646 atque-iu
1286 3571 1392 3629 divinis
1407 3571 1808 3645 oporibusdovotissimom·

106 3659 275 3716 -conamina
289 3659 330 3716 nil
346 3659 375 3716 in
398 3676 429 3717 so
452 3659 533 3717 aliud
557 3660 685 3718 residere
709 3664 867 3734 pateretur,
882 3660 940 3718 nisi
994 3669 1083 3721 sorte.

120 3748 192 3804 lorte
208 3748 279 3804 dum
289 3751 340 3805 aut
350 3765 437 3823 opera
447 3748 563 3821 pietatis
575 3754 683 3822 egeret,
696 3752 746 3805 eut
756 3753 842 3818 certo,
855 3754 941 3822 prout
1173 3752 1295 3809 mamete
1311 3749 1501 3821 infoecundus
1514 3748 1644 3807 auditor.

119 3841 225 3893 natura
239 3838 426 3903 concesserit,
443 3838 534 3893 sacris
550 3836 716 3894 orationum
732 3838 875 3895 exercitiis
889 3839 940 3895 do·
1029 3845 1056 3899 5.
1071 3843 1253 3914 Quapropter
1267 3838 1389 3911 cupiens
1403 3854 1472 3894 eum
1491 3838 1693 3911 undecunque
1710 3838 1811 3914 portm-

117 3925 213 3983 votius
228 3924 391 3983 insudaret.
994 3933 1054 3988 tius
1069 3928 1190 3996 erudiri,
1201 3928 1398 3985 sanctioribus
1421 3944 1454 3984 ac
1473 3926 1812 4000 religiosioribusdiuiuu

293 4016 387 4071 {lectos
402 4013 437 4071 od
451 4014 601 4070 Niceratum
615 4031 644 4071 sc
657 4017 762 4087 recipit.
995 4017 1290 4090 scientiaviris,quos
1300 4017 1356 4073 sibi
1367 4015 1813 4090 undiqueeollatatamiliuitetr

155 4104 181 4157 l.
199 4102 301 4175 Igitur,
318 4104 389 4158 durn
406 4120 478 4175 puer
493 4107 609 4159 sanotae'
621 4103 729 4162 indolis
743 4110 802 4160 tarn
819 4103 941 4161 scientia
995 4108 1157 4173 addiderat,
1170 4104 1368 4178 copulandum
1385 4122 1449 4161 csse
1464 4105 1629 4173 constituit,
1639 4109 1677 4162 ut
1689 4102 1815 4163 videlioet

120 4205 208 4261 quern
223 4189 329 4247 virtute
345 4192 435 4247 animi
451 4209 561 4249 coaevos
576 4209 645 4249 suos
661 4193 740 4249 brevi
754 4194 950 4266 precederet·
994 4195 1190 4270 plurimorum
1200 4190 1814 4269 instituentiumauetoritatediscerot,qmt

119 4282 207 4351 atque
222 4279 363 4352 paulatim
378 4280 460 4336 bona
476 4281 645 4338 intentionis
660 4281 829 4354 primordiis
839 4282 875 4337 ad
887 4298 940 4339 cm·
994 4284 1183 4359 postmodum
1199 4282 1336 4355 plurimis
1358 4282 1548 4339 ministraret.
1565 4282 1647 4339 luter
1660 4300 1740 4357 quos
1751 4286 1814 4341 tw

119 4366 201 4425 lestis
215 4367 326 4424 militia
342 4369 498 4440 perfectius
522 4368 690 4427 tirocinium
706 4369 881 4427 decrevisset
895 4371 939 4427 in·
993 4373 1135 4446 temporis
1145 4372 1175 4428 in
1185 4371 1263 4443 regis
1274 4371 1452 4427 Francorum
1464 4369 1531 4427 aule
1541 4368 1745 4444 praepollentia
1756 4370 1815 4429 ltn-

119 4458 250 4526 tendere;
268 4474 401 4531 superus
416 4458 480 4513 vitae
504 4459 656 4515 estuantis
681 4459 771 4516 animi
796 4459 939 4516 desiderio
954 4469 979 4535 1)
994 4462 1102 4520 tissimi
1114 4458 1453 4533 Remacli'procuratoris
1463 4460 1521 4528 (25)
1532 4458 1656 4530 quidem
1666 4458 1815 4519 morini·

118 4546 204 4620 coepit
216 4546 304 4602 altius
315 4546 454 4619 aspirare,
467 4551 649 4604 terrenarum
660 4565 757 4605 rerum
769 4553 940 4622 contemptu
995 4553 1036 4609 nii
1052 4551 1152 4625 palatii
1168 4548 1330 4621 prudentie
1343 4552 1372 4604 et
1384 4546 1550 4604 sanctitatis
1564 4546 1662 4607 titulis
1677 4562 1817 4607 commn-

118 4634 267 4692 sultlcicns
283 4640 370 4708 atque
388 4653 422 4692 oa
445 4652 509 4708 qua
534 4637 571 4693 ad
594 4636 735 4694 virtutum
759 4637 941 4695 incrementa
994 4634 1819 4712 dataubiqueexcreveratopinioveneraada:welles

118 4724 279 4796 respiciunt
291 4723 427 4797 perennis
442 4724 552 4780 intuitu
566 4722 664 4797 glorie
679 4726 748 4781 totis
762 4726 878 4783 nisibus
893 4729 940 4783 at·
994 4731 1038 4785 vir
1056 4726 1344 4800 inclytus,oonlessor
1368 4724 1556 4796 postmodum
1576 4724 1699 4783 Domini
1715 4722 1814 4801 gloub-

117 4817 246 4882 tentans,
261 4817 370 4869 aeterna
385 4828 443 4885 pree
466 4812 559 4869 oculis
582 4813 729 4871 indelessa
752 4814 939 4882 constituere,
994 4835 1056 4888 sus,
1065 4816 1169 4873 multis
1184 4815 1335 4889 signorum
1351 4812 1509 4869 virtutibus
1525 4814 1721 4887 approbatus,
1731 4812 1814 4889 plad-

117 4902 247 4975 peritura
263 4901 451 4957 manentibus
466 4916 666 4974 compensare,
677 4901 801 4959 diversis
811 4903 941 4960 afflietio
995 4908 1050 4963 dus
1061 4906 1186 4973 eunctis,
1198 4902 1343 4975 benignus
1354 4901 1546 4969 universis,in
1556 4904 1816 4977 prosperitatem

118 5008 189 5047 num
210 4989 366 5065 generibus
390 4989 577 5046 allectionum
601 4989 763 5046 carnalium
789 4991 941 5049 molimina
995 4998 1107 5062 destus,
1124 4994 1155 5049 in
1169 4990 1298 5049 adversis
1314 4990 1559 5063 patientissimus,
1574 4990 1635 5048 vita
1649 4989 1814 5061 laudabilis,

118 5086 274 5146 coarctare,
291 5082 378 5151 atquo
393 5078 595 5134 adolescentie
611 5095 741 5151 gressus,
758 5080 847 5138 divini
863 5099 941 5138 amo·
995 5084 1110 5157 eloquio
1125 5080 1263 5148 affabilis,
1279 5079 1322 5135 sic
1335 5078 1508 5152 temporalia
1525 5082 1633 5136 cautus
1651 5080 1815 5149 exhibebat,

117 5169 159 5224 ris
173 5169 279 5224 virtute
293 5167 438 5224 roborare.
456 5168 569 5240 Spretis
584 5167 691 5224 deindo
706 5171 939 5243 propinquorum
995 5179 1028 5231 ut
1037 5179 1146 5229 aeterna
1155 5187 1270 5242 semper
1281 5169 1318 5225 ab
1329 5167 1422 5225 oculis
1433 5184 1490 5223 non
1501 5172 1655 5225 everteret.
1668 5170 1765 5243 Hujus
1775 5170 1815 5227 ln·

117 5262 145 5314 et
160 5257 259 5329 patriae
275 5255 453 5325 retinaculis,
471 5256 626 5329 diligenter
640 5256 795 5329 replicans,
807 5260 877 5332 quia
889 5261 940 5333 qui
994 5263 1030 5319 lis
1046 5278 1079 5318 ac
1094 5260 1168 5316 tanti
1183 5258 1237 5313 viri
1256 5256 1348 5313 sacris
1371 5254 1607 5311 institutionibus
1621 5272 1690 5313 rore
1702 5252 1816 5331 superui

117 5364 196 5403 nova
205 5345 435 5402 conversationis
444 5346 939 5422 rudimentasuscipiunt‚tanquam
994 5350 1119 5410 nectaris
1133 5344 1355 5413 illustrandum,
1366 5344 1398 5400 B.
1409 5342 1583 5400 bercharius
1598 5348 1674 5401 nutu
1690 5342 1826 5419 pmdicti·

153 5454 267 5523 (25)a11
283 5451 438 5508 llcmaclus
454 5453 483 5506 id
500 5469 609 5507 munus
629 5453 657 5508 in
675 5452 782 5525 palatio
803 5457 937 5527 gesserit,
994 5459 1043 5526 rit,
1068 5472 1127 5511 non
1152 5453 1224 5510 satis
1248 5455 1373 5508 constat.
1390 5451 1465 5523 Lego
1486 5452 1557 5508 Acta
1579 5450 1611 5507 S.
1627 5450 1759 5510 Remacli
1781 5442 1815 5509 sd

119 5541 155 5581 en
171 5525 258 5580 otiam
275 5523 447 5581 llcrcharius
463 5523 492 5584 iu
508 5522 575 5580 aula
590 5523 694 5581 alibive
719 5542 784 5581 cum
809 5544 842 5583 co
866 5529 940 5586 vixe-
994 5548 1041 5588 aa.
1057 5529 1121 5583 eos.
