3900 6090
91 276 131 335 es
692 280 747 345 aa
764 277 859 342 vrrs
881 277 915 340 s.
938 276 1202 347 enumerate.
1280 314 1288 321 -
1755 274 1798 353 tt

91 409 181 480 coepit
190 407 313 464 viriliter
327 424 412 483 agere
427 413 456 465 et
470 411 627 467 contortari
638 413 667 468 in
678 411 916 478 Domino,diceus
931 409 960 493 A
974 409 1051 466 malo
1067 427 1135 468 cum
1149 412 1355 480 custodivit,ne
1365 415 1496 484 peccaret
1509 412 1540 466 in
1560 413 1693 467 sanctam
1707 410 1795 483 virgi·

91 495 145 552 illa
160 495 385 571 Psalmographi
401 498 515 554 cantica
537 516 544 554 ε
569 501 702 557 Dominae
724 501 811 573 poscit
832 513 876 554 me
897 504 924 555 et
976 503 1086 567 namet
1099 499 1244 557 furentem
1259 501 1290 557 in
1305 501 1468 559 reversione
1478 517 1535 557 nen
1547 498 1681 572 permisit
1691 496 1795 554 merito

89 584 166 641 nihil
179 585 405 654 enthimemate
420 586 477 643 loco
486 605 596 660 posnam
606 590 696 646 itinre
706 589 854 655 collocavit,
870 594 919 644 etc·
975 590 1157 645 occumbere.
1173 590 1283 665 Dignos
1298 589 1387 663 igitur
1401 591 1514 645 tructus
1528 587 1706 662 poenitentias
1730 602 1795 658 per·

90 675 179 742 (Psct.
195 674 276 747 ssu).
293 675 444 731 Dedunisti
470 677 549 732 enirn
570 694 616 733 me
631 677 661 733 in
686 682 803 750 portum
819 675 920 732 volun·
975 691 1064 748 agens
1075 677 1219 750 superbis
1232 694 1296 750 qum
1306 681 1438 750 gesserat
1448 678 1478 733 in
1488 677 1708 751 virginem,n0n
1718 678 1796 749 pote·

88 763 161 819 tatis
176 767 233 819 tuse
249 781 256 819 :
270 764 472 820 misericordia
485 770 546 831 tua,
563 766 687 832 Christe,
705 767 824 823 obsecro
847 783 919 838 prae·
974 768 1019 820 rat
1033 764 1162 821 invenire
1172 767 1280 839 quihus
1294 765 1508 823 laudibuseam
1518 762 1722 832 extolleret,vel
1733 762 1796 835 qui·

89 853 187 918 cedat,
203 856 232 908 et
244 853 444 925 subsequatur
459 870 516 921 me,
533 857 566 909 ut
581 871 694 911 merear
708 855 858 927 pervenire
882 854 919 910 ed
974 851 1029 907 bus
1038 855 1211 911 muneribus
1219 855 1283 926 ejus
1296 855 1400 911 faciem
1411 853 1652 927 complacaret,ut
1660 850 1751 907 velab
1762 866 1796 907 ea

90 945 226 1015 optatum
242 941 394 998 servitium
405 947 514 998 sancte
528 943 650 1017 virginis
665 944 816 1001 Marimllt
830 948 864 999 ut
878 944 921 999 in·
973 940 1063 996 videri
1087 947 1258 1012 mereretur,
1276 949 1328 999 aut
1352 944 1417 1016 ipsa
1431 960 1483 1016 pro
1498 959 1531 999 eo
1557 958 1656 1015 preces
1679 939 1795 996 Christe

89 1031 226 1087 habitare
236 1028 349 1087 valeam
361 1030 389 1086 in
401 1031 590 1089 tabernaculo
604 1037 655 1088 tuo
675 1033 705 1089 in
725 1032 842 1102 sarcula,
857 1049 920 1106 pro-
973 1029 1095 1087 fundere
1103 1032 1416 1106 dignaretur.Taadem
1426 1031 1535 1089 salubri
1543 1027 1793 1104 repertecensilio,

89 1125 177 1193 tegar
190 1136 260 1194 roge
275 1119 306 1174 in
321 1118 486 1176 velamento
501 1118 616 1177 alarum
632 1127 762 1179 tuarum.
973 1119 1164 1192 semetipsum
1172 1120 1202 1176 in
1211 1119 1377 1177 humilitate
1392 1121 1488 1178 cordis
1498 1118 1667 1192 etcorporis
1677 1115 1794 1184 obtulit,

129 1208 173 1264 12.
189 1207 281 1280 Igitur
294 1207 350 1263 hac
365 1206 479 1281 expleta
491 1210 633 1279 oratione,
658 1212 746 1284 coepit
770 1209 832 1267 sela
857 1226 922 1283 pro.
973 1223 1007 1262 ac
1021 1213 1166 1280 prostrato
1177 1226 1297 1283 corpore
1306 1226 1404 1266 coram
1416 1225 1499 1266 sacro
1513 1207 1598 1264 altari
1611 1205 1663 1263 Dei
1672 1203 1795 1279 genitri-

89 1295 194 1362 fiossci,
211 1299 240 1352 et
255 1296 291 1352 ad
307 1296 487 1353 voluntatem
512 1298 562 1354 Dei
587 1299 697 1358 Gallias
721 1317 860 1372 remeare,
878 1302 922 1359 lu·
974 1297 1016 1353 cis
1031 1297 1129 1354 Mariae
1143 1298 1258 1355 veniam
1274 1299 1309 1355 de
1328 1297 1495 1356 commissis
1518 1294 1709 1370 expoposcit:
1726 1308 1795 1349 con·

88 1389 193 1442 straus
207 1384 290 1441 devia
314 1389 343 1441 et
367 1386 474 1458 pervia,
491 1393 579 1458 atque
590 1405 714 1459 poscens
733 1390 788 1447 sihi
805 1408 922 1465 semper
972 1402 1115 1460 versoque
1128 1385 1211 1444 vultu
1226 1404 1284 1459 que
1300 1387 1446 1443 residebat
1467 1386 1548 1458 virgo
1572 1383 1686 1451 celebs,
1703 1379 1797 1454 poscit

88 1474 193 1530 adfore
206 1477 375 1530 sanctorum
393 1475 539 1546 praesidia,
556 1476 694 1534 derelicta
708 1480 853 1552 siquidem
869 1481 921 1537 hu·
974 1474 1030 1533 eibi
1046 1476 1379 1551 misereri‚multumque
1388 1479 1532 1550 precatur
1541 1480 1574 1531 ut
1584 1490 1672 1547 quem
1681 1470 1795 1545 pridem

90 1578 182 1618 mane
197 1561 312 1632 solatio,
327 1563 379 1619 sed
396 1563 516 1619 suffulta
528 1569 557 1619 ct
571 1569 701 1638 protecta
711 1568 818 1625 Christi
833 1568 923 1625 comi·
973 1562 1105 1621 voluerat
1120 1563 1227 1621 habere
1242 1581 1395 1639 sponsum,
1411 1563 1516 1621 sallem
1536 1568 1607 1619 l¹11¹⁰
1626 1562 1796 1635 dignamur

91 1654 175 1706 tante
188 1651 293 1724 gretia.
304 1651 374 1706 Erat
389 1668 519 1725 namque
534 1670 658 1726 pergens
673 1655 702 1710 in
719 1656 920 1729 itinere,quasi
974 1652 1123 1724 suscipere
1138 1669 1264 1709 servum.
1283 1652 1453 1719 «Quoniam
1470 1668 1526 1718 me,
1540 1651 1647 1723 inquit,
1664 1649 1700 1704 ad
1716 1648 1796 1718 inju-

84 1741 154 1812 jam
170 1741 280 1812 degens
295 1740 350 1795 sub
367 1741 528 1797 monastico
544 1742 695 1814 regimine,
712 1744 755 1800 vel
776 1749 810 1801 ut
824 1744 959 1855 dicamB
974 1741 1049 1797 riam
1064 1742 1264 1814 corruptibilis
1278 1741 1419 1799 amatoris
1442 1758 1501 1797 non
1525 1737 1727 1813 postposuisti,
1743 1752 1796 1791 nec

91 1827 283 1901 altius,quasi
297 1832 418 1886 sanctus
433 1830 587 1886 eremicola
603 1832 718 1888 Christo
729 1833 877 1889 famulans
887 1826 933 1891 in'
972 1829 1046 1886 mihi
1061 1828 1307 1903 qualemcumque
1322 1847 1477 1904 personam
1492 1833 1639 1902 potentem
1655 1831 1706 1883 aut
1726 1825 1795 1881 infi-

91 1921 208 1973 remota
218 1919 308 1973 eremi
319 1917 487 1974 solitudine.
500 1919 607 1975 Diebus
618 1921 727 1994 quippe
737 1923 820 1978 lestis
832 1928 918 1980 utens
973 1934 1052 1973 mam
1065 1918 1260 1992 praeposuisti,
1273 1918 1323 1975 sed
1340 1934 1437 1992 regem
1453 1917 1626 1975 saeculorum
1642 1919 1670 1971 ct
1688 1918 1797 1970 cresto·

91 2023 171 2080 pane
186 2004 247 2062 solo
263 2011 292 2062 et
302 2023 380 2079 aqua
389 2007 573 2080 parcissima,
588 2008 708 2082 reliquis
724 2028 798 2083 pane
817 2012 919 2068 cineri·
972 2023 1035 2062 rem
1050 2007 1184 2063 omnium
1199 2006 1272 2063 mihi
1285 2007 1450 2080 pretulisti,
1463 2006 1575 2078 tibique
1585 2020 1727 2077 sponsum
1738 2018 1796 2059 cm·

92 2094 152 2150 bus
161 2095 316 2151 commisto
324 2100 353 2151 et
361 2095 519 2152 herbarum
528 2099 724 2171 arborumque
734 2100 919 2172 pastionibus
969 2093 1074 2152 lestem
1091 2096 1120 2151 in
1136 2099 1199 2154 toro
1212 2096 1346 2169 virginali
1363 2095 1570 2163 ascivifllbessoe
1586 2096 1694 2150 memet
1708 2095 1796 2165 atque

93 2183 245 2241 defessum
259 2182 406 2240 refovebat
420 2186 638 2258 corpusculum.
661 2187 742 2244 Unde
766 2189 844 2262 quod
867 2207 920 2264 per
973 2202 1039 2241 mea
1052 2188 1202 2258 gratanter
1216 2185 1305 2242 offero
1320 2185 1363 2241 illi
1381 2201 1387 2240 :
1406 2189 1435 2243 et
1450 2202 1514 2259 que
1527 2184 1580 2240 tihi
1595 2182 1664 2240 olim
1685 2179 1796 2237 centuli

94 2276 229 2328 sanctam
248 2271 391 2345 virginem
408 2271 550 2329 Dominus
574 2275 713 2347 dignatus
737 2282 782 2333 est
805 2279 919 2353 operari
967 2273 1092 2353 dotalia,
1108 2275 1190 2330 trade
1204 2291 1311 2347 sponso
1327 2273 1601 2331 veroJesuChriste
1616 2272 1645 2328 in
1661 2285 1795 2328 sororum

93 2359 283 2426 miraculum,
299 2377 356 2416 nen
380 2365 425 2417 est
449 2365 547 2417 nostre
563 2361 679 2420 silentio
693 2367 917 2424 transeundum.
973 2379 1190 2437 egenorumque
1199 2363 1663 2437 alimonium.Egc,inquam‚dum
1678 2359 1797 2417 advixe-

121 2449 535 2522 iscumpraedietusuudalus
551 2450 643 2507 nimia
654 2452 852 2527 indignatione
863 2461 920 2514 sto-
973 2453 1149 2526 rudemque
1158 2469 1265 2526 corpus
1276 2453 1330 2509 hoc
1345 2457 1577 2526 gestaver0,tuus
1588 2448 1796 2524 procuratorin

95 2538 252 2595 mechatus
262 2555 294 2594 sc
308 2542 508 2612 contemptum
521 2541 600 2596 omni
612 2541 708 2598 modis
718 2544 918 2617 comperisset,
973 2543 1165 2599 exterioribus
1179 2559 1243 2600 esse
1256 2542 1374 2610 curabo,
1399 2547 1428 2599 et
1450 2547 1517 2615 post
1538 2547 1663 2597 mortem
1678 2539 1805 2595 omnem*

93 2627 920 2707 stinsanctamvirginemvelletsednoneuderetgladie
974 2648 1069 2687 meam
1079 2630 1291 2704 supellectilem
1301 2631 1465 2688 cumrebus
1474 2635 1503 2687 et
1514 2629 1669 2702 mancipiis
1680 2645 1731 2701 per
1740 2627 1796 2685 hoc

98 2718 263 2790 insurgere,
279 2719 398 2790 accepto
414 2716 535 2772 consilio
550 2734 567 2772 a
582 2719 710 2790 quodam
721 2736 809 2793 quem
819 2739 919 2779 secum
974 2720 1157 2777 auctoritatis
1173 2724 1382 2777 testamentum
1392 2718 1600 2793 perpetualiier
1610 2718 1692 2775 trado
1706 2717 1735 2772 in
1747 2716 1796 2774 ho·

95 2806 221 2862 duxerat
235 2804 349 2861 itineris
364 2805 487 2874 socium,
504 2807 616 2862 concite
640 2808 676 2863 ad
700 2813 852 2882 paternam
875 2828 919 2869 re·
974 2825 1074 2866 norem
1086 2809 1136 2864 Dei
1147 2808 1568 2881 omnipotentisutquesanctae
1579 2806 1629 2863 Dei
1641 2804 1796 2862 Genitricis

96 2909 198 2950 meare
208 2892 920 2965 disposuithaereditatem‚vendensetdistribuens
973 2898 1123 2971 virginis.»
1135 2897 1170 2953 Et
1180 2898 1357 2954 confirmans
1367 2902 1576 2954 testamentum
1592 2894 1795 2968 hujuscemodi

96 2998 231 3049 onerosa,
247 2984 282 3037 ut
295 2981 383 3037 citius
403 2984 627 3057 transmigraret
651 2986 685 3041 ad
708 2988 836 3060 propria.
861 2988 920 3046 Hoc
973 3005 1042 3043 voce
1057 2986 1154 3059 palam
1170 2987 1307 3042 omnibus
1323 2986 1415 3042 dixit:
1428 2986 1518 3042 «llaec
1537 3001 1616 3041 ame
1637 3001 1715 3040 nunc
1733 3000 1797 3040 sus·

97 3072 202 3143 utique
216 3073 398 3141 pertractans
409 3070 541 3127 volvebat
555 3072 585 3127 in
601 3073 855 3140 anim0,ut0mnia
869 3094 920 3151 pa·
974 3078 1047 3149 cipe,
1069 3077 1149 3148 virgo
1174 3075 1349 3144 castissima,
1375 3091 1532 3147 meumque
1555 3075 1678 3130 cadaver
1697 3073 1726 3129 in
1741 3073 1797 3128 hec

97 3159 240 3216 trimonia
254 3163 282 3214 et
292 3159 362 3231 jura
380 3159 565 3216 haereditaria
584 3162 706 3235 virginis
729 3166 876 3235 venderet,
892 3170 921 3223 et
934 3151 957 3221 C
975 3165 1037 3222 leco
1052 3163 1259 3221 tumulandum
1275 3165 1335 3221 tuis
1350 3165 1486 3238 precibus
1502 3164 1626 3236 impera,
1640 3168 1674 3218 ut
1687 3179 1755 3218 cum
1767 3165 1797 3217 te

97 3267 165 3322 quae
179 3248 365 3304 venderenon
372 3254 472 3322 posset
486 3251 515 3305 in
532 3250 658 3307 nihilum
672 3253 824 3328 redigeret,
839 3261 868 3312 et
879 3255 921 3312 sic
974 3273 1024 3314 rex
1039 3272 1186 3327 supernus
1209 3271 1243 3310 ac
1267 3253 1393 3311 coelestis
1417 3270 1544 3327 sponsus
1573 3253 1603 3309 in
1631 3250 1796 3309 thalamum

99 3337 432 3394 fundituseacumomni
444 3338 616 3411 supellectili
627 3346 655 3395 et
666 3343 821 3416 mancipiis
830 3345 920 3401 extir-
974 3343 1174 3400 transduxerit
1186 3342 1418 3415 virgineum,eg0
1433 3347 1513 3398 veste
1528 3341 1651 3414 nuptiali
1667 3341 1796 3396 circum·

98 3426 571 3501 paret.ltaquecumvelocissimis
581 3429 923 3507 equitibuqequistexpe·
975 3434 1062 3489 datus
1075 3437 1162 3504 atque
1173 3432 1239 3504 agni
1250 3431 1355 3487 vellere
1367 3431 1448 3488 niveo
1457 3433 1636 3498 succinctus,
1646 3431 1722 3486 inter
1731 3447 1798 3486 con·

98 3518 195 3572 ditum
210 3515 297 3586 coepit
311 3531 429 3587 carpere
443 3516 657 3583 vinrn,elierens
680 3536 711 3575 se
726 3526 818 3577 toturn
835 3523 921 3595 persi·
975 3522 1055 3576 vivas
1070 3537 1177 3576 rnensm
1194 3521 1425 3595 regisparticeps
1435 3521 1500 3577 vitae
1515 3520 1641 3577 coelestis
1656 3535 1798 3592 apparere

99 3622 166 3662 cere
181 3605 212 3660 iu
228 3620 323 3675 opere,
340 3605 418 3677 quod
434 3603 504 3660 olim
519 3604 620 3662 doloso
635 3616 807 3681 conceperat
824 3612 920 3669 corde.
976 3627 1089 3667 merear
1102 3609 1147 3666 vel
1161 3609 1295 3666 ultimus.
1311 3632 1327 3662 »

99 3695 183 3760 Quod
200 3695 333 3749 sanctam
349 3694 490 3766 virginem
511 3711 697 3767 nequaquam
713 3696 801 3755 latere
816 3700 921 3772 potuit,
1014 3699 1205 3755 reobtinuit
1228 3716 1296 3771 ergo
1321 3699 1399 3770 quod
1422 3699 1541 3772 expetiit
1564 3703 1593 3754 et
1615 3715 1682 3754 eum
1698 3700 1800 3753 sancta

99 3799 165 3854 quar
180 3780 339 3836 Dominum
350 3781 490 3838 scientem
502 3783 601 3838 omnia
615 3783 645 3837 in
660 3785 757 3841 cordis
767 3786 923 3860 hospitiolo
977 3787 1067 3843 animi
1083 3788 1233 3843 devotione
1248 3787 1405 3844 incolumis
1420 3789 1558 3845 remeavit
1568 3788 1604 3844 ad
1615 3787 1798 3861 propria.Cui

99 3870 196 3927 locare
212 3868 333 3924 curavit.
349 3869 451 3942 ltaque
466 3870 515 3927 Dei
533 3870 647 3940 ancilla,
664 3873 762 3930 divino
781 3877 922 3934 instinctu
977 3876 1119 3933 Dominus
1135 3877 1208 3932 bene
1221 3876 1333 3932 vivendi
1349 3875 1472 3931 eontulit
1489 3875 1660 3942 efficaciam,
1676 3875 1799 3947 ejusque

100 3961 234 4031 permota
248 3962 336 4030 atque
350 3958 451 4015 afflatu
476 3961 569 4016 suncti
593 3962 721 4033 Spiritus
735 3965 874 4037 vigorata,
891 3973 925 4024 ut
975 3969 1075 4021 vetum
1087 3966 1123 4021 ad
1134 3964 1290 4037 optabilem
1302 3965 1436 4036 perduxit
1445 3963 1666 4021 ellectumNam
1678 3964 1799 4019 devotus

97 4052 162 4103 eret
178 4047 276 4119 pedes,
292 4047 406 4102 cunetis
428 4049 576 4121 equitibus
599 4056 628 4106 et
651 4051 786 4110 curribus
798 4054 924 4113 velocior
977 4053 1045 4121 Deo,
1063 4052 1243 4125 ultraquam
1259 4053 1383 4109 luissent
1409 4054 1572 4109 necessaria
1594 4052 1798 4108 sacratissimae

97 4136 303 4204 efficitur,imo
318 4154 370 4209 per
384 4136 471 4193 aliam
482 4138 560 4193 viam
570 4141 821 4213 gradiens,omncs
832 4149 862 4201 et
871 4163 922 4201 an·
976 4143 1091 4198 studuit
1105 4143 1330 4199 subministrare
1340 4143 1456 4216 virgini,
1469 4143 1634 4215 pariterque
1644 4143 1674 4196 in
1689 4145 1799 4198 statuto

98 4223 240 4291 tevelans,
248 4223 361 4282 veloces
376 4231 563 4298 precesserat
577 4229 829 4305 currus.Denique
844 4235 924 4306 prior
974 4231 1154 4288 xenodochio
1169 4231 1263 4287 victus
1285 4240 1313 4287 et
1333 4232 1457 4288 vestitus
1471 4231 1595 4305 prebuit
1617 4229 1798 4287 alimoniam.

98 4315 129 4369 in
142 4318 250 4370 terram
263 4331 322 4370 suae
333 4315 495 4372 nativitatis
507 4318 646 4389 pervenit,
658 4322 687 4375 et
696 4321 796 4377 omnia
806 4339 860 4379 sua
871 4340 922 4396 pre
977 4320 1081 4377 Fultus
1095 4321 1199 4376 deinde
1215 4320 1389 4377 multimoda
1397 4320 1504 4377 Christi
1528 4320 1645 4386 virtute,
1663 4336 1696 4375 ac
1711 4320 1799 4375 dedu·

96 4407 166 4460 voto
177 4408 208 4458 et
218 4401 304 4459 libitu
313 4404 343 4459 in
351 4403 414 4460 loce
422 4422 510 4477 quem
518 4406 605 4479 vulgo
613 4406 716 4465 dicunt
726 4410 921 4481 Humolarias,
976 4426 1045 4465 cens
1056 4415 1174 4483 tempus
1183 4410 1247 4466 vitae
1258 4409 1288 4464 in
1299 4409 1503 4481 hujuscemodi
1514 4409 1799 4482 operatione,exutus

98 4497 208 4548 sancte
222 4491 272 4549 Dei
284 4493 415 4564 genitrici
425 4495 522 4551 Maris
531 4512 620 4568 seque
629 4496 719 4553 simul
730 4503 763 4554 ut
772 4503 924 4572 optaverat
937 4530 961 4595 D
976 4501 1020 4553 est
1035 4500 1186 4570 presentis
1209 4498 1307 4555 seculi
1332 4499 1466 4572 contagio
1491 4515 1524 4555 ae
1549 4499 1720 4571 perfunctus
1735 4495 1800 4551 luce

97 4581 277 4639 servituram
287 4581 358 4637 inibi
369 4581 484 4640 Christe
496 4585 567 4640 dum
577 4585 725 4643 adviveret
734 4590 921 4646 contradidit.
976 4589 1155 4656 transitorie,
1172 4587 1284 4644 audivit
1298 4589 1333 4644 dc
1347 4587 1483 4660 supernis
1497 4604 1597 4645 vocem
1613 4585 1669 4642 sibi
1680 4584 1741 4641 hec
1756 4585 1798 4639 lo-

137 4671 183 4727 1⁴.
199 4669 261 4727 Non
284 4675 349 4743 post
373 4671 500 4728 multum
515 4690 583 4731 vero
597 4677 738 4748 temporis
753 4684 923 4750 persecutus
942 4705 945 4709 ·
977 4677 1027 4748 qui
1044 4694 1051 4732 :
1067 4678 1149 4749 Euqc,
1173 4693 1248 4734 serve
1270 4677 1337 4734 terre
1359 4685 1385 4734 et
1403 4677 1504 4748 fidelis,
1529 4677 1594 4748 quio
1611 4691 1694 4747 super
1711 4688 1800 4745 pauca

98 4760 179 4816 idem
195 4757 390 4816 Dudaldusad
400 4767 500 4818 votum
515 4762 692 4836 explendum
707 4767 923 4841 devenit,seque
976 4767 1056 4837 suisti
1066 4766 1253 4839 fidelisncper
1261 4768 1348 4822 multe
1359 4768 1572 4833 weonstitucm
1586 4765 1644 4820 eris
1663 4763 1798 4836 princeps

99 4849 238 4906 omnium
250 4865 347 4905 rerum
362 4850 484 4924 virginis
495 4869 696 4925 possessorem
717 4859 746 4911 et
770 4857 923 4913 dominum
977 4858 1077 4913 decem
1100 4854 1261 4911 civitatum.
1281 4854 1363 4910 'lunc
1386 4855 1471 4910 besta
1490 4853 1571 4926 virge
1596 4852 1798 4925 Hunegundis,

99 4936 245 5012 pretulit·
257 4939 390 4995 nesciens
405 4942 481 5013 quod
495 4942 558 5013 jam
573 4942 750 5000 transissent
768 4947 871 5002 omnia
893 4947 922 5002 in
978 4949 1104 5001 mentem
1120 4947 1327 4999 sanctamcum
1339 4942 1484 4998 oblatione
1494 4941 1629 4997 sacrificii
1641 4959 1693 5014 per
1706 4958 1800 4998 sacer·
1901 4997 1903 5002 .

97 5026 214 5083 cultum
230 5027 280 5083 Dei
296 5032 325 5083 et
339 5035 445 5085 sancta
460 5030 510 5086 Dei
525 5030 681 5087 Genitricis
696 5034 851 5090 tutamina.
869 5037 922 5102 Qui
978 5035 1079 5090 dotum
1086 5032 1269 5104 manusltegi
1286 5047 1388 5104 regum
1399 5029 1799 5104 Christoebtulit,deprocans

98 5133 167 5171 curn
183 5117 367 5190 cognovisset
380 5124 517 5174 eventum
529 5120 580 5188 rei,
591 5125 621 5176 et
637 5124 698 5176 tam
713 5123 817 5177 auditu
833 5141 921 5196 quam
976 5128 1005 5179 et
1017 5140 1139 5179 exorans
1154 5120 1308 5176 subvenire
1323 5118 1363 5173 illi
1381 5121 1497 5175 sanctos
1513 5119 1641 5193 angelos,
1657 5137 1691 5176 ae
1710 5119 1797 5177 locari

97 5205 165 5261 visu
180 5206 331 5262 didicisset
349 5212 414 5263 acts
426 5208 549 5280 virginis
572 5209 708 5279 vendica,
737 5228 870 5270 reversus
893 5215 923 5269 in
977 5209 1273 5285 ejusspirituminter
1282 5208 1385 5264 choros
1396 5209 1548 5282 agminum
1557 5200 1799 5266 cmlestium.Gor

97 5294 408 5368 semetipsum,secum
418 5298 526 5354 tacitus
536 5298 637 5354 mirari
648 5300 735 5373 cmpit
744 5305 773 5357 et
781 5303 922 5371 venerari,
978 5317 1033 5374 pus
1043 5317 1109 5356 vero
1121 5299 1188 5371 poni
1194 5297 1286 5368 jussit
1297 5296 1326 5352 in
1336 5296 1440 5353 leretre
1460 5315 1494 5354 ac
1513 5298 1617 5355 deferri
1633 5299 1669 5355 ad
1685 5298 1800 5355 sciscit

98 5383 305 5456 recolensque
315 5388 464 5458 etquanta
475 5404 525 5459 per
535 5391 667 5443 sanctam
677 5389 819 5462 virginem
829 5391 925 5448 Domi·
977 5389 1054 5445 inira
1064 5386 1321 5453 monasterium,et
1334 5386 1516 5462 incondigno
1526 5391 1555 5444 et
1565 5390 1664 5460 optate
1679 5386 1801 5446 tradidit

99 5486 158 5526 nus
171 5471 211 5528 sit
220 5477 360 5544 operatus
370 5474 523 5531 miracula.
534 5475 617 5533 Unde
630 5475 733 5548 quales
751 5479 847 5550 potuit
856 5496 924 5537 mex
978 5477 1134 5550 sepulturae
1147 5475 1222 5531 loco.

97 5557 160 5627 Deo
183 5559 286 5618 leudes
300 5565 330 5618 et
343 5563 454 5637 gratias
470 5562 580 5634 retulit,
597 5565 648 5640 qui
664 5565 700 5623 ab
716 5571 784 5623 actu
799 5570 828 5623 et
842 5571 925 5626 tactu
1015 5565 1058 5622 16.
1076 5565 1143 5622 Post
1164 5565 1251 5641 cujus
1279 5565 1460 5635 abscessum,
1484 5565 1600 5623 arctiori
1615 5582 1647 5623 se
1663 5566 1801 5627 submisit
