3900 6090
144 276 203 337 sit

594 278 753 340 ioannis
775 277 938 338 iocaris
961 276 992 338 S.
1016 278 1187 341 ARNULFI
1209 278 1400 342 Maiensis

1787 286 1849 347 2l6

142 408 270 483 virgines
283 410 418 483 prasenti
440 408 570 483 exemplo
587 428 643 466 nen
659 411 814 484 pulchrum
832 409 887 467 sibi
903 427 967 466 esse
981 410 1009 478 Α
1023 412 1194 468 exstiterant
1208 413 1427 484 posthabitis,in
1440 414 1583 488 integram
1596 431 1664 471 cum
1676 418 1849 488 parentibus

90 518 93 528 ¹
144 500 330 558 maritalibus
345 502 450 573 subjici
464 500 600 570 vinculis,
618 517 674 556 non
701 503 730 556 in
745 501 966 573 posscssionum

144 575 409 662 amplitudinc,ncn
423 589 450 644 in
468 605 617 645 servornm
634 587 865 661 ancillarumque
875 590 966 662 gregi·

143 677 306 746 bus,nonin
318 683 557 734 ornamentorum
569 677 674 734 diversi
686 678 801 750 generis
811 684 964 750 apparatu,

144 782 202 822 nen
217 765 246 820 in
262 783 504 839 quorumeunque
520 767 745 840 obsequentium
771 769 871 823 curicis
887 765 966 824 dele·

144 855 226 923 clari,
244 872 310 911 cum
327 856 387 912 hac
403 858 502 913 carnia
515 859 604 912 trariis
619 858 676 914 sihi
698 858 815 914 casibus
833 875 890 914 nen
904 857 966 913 sine

145 944 238 999 multo
253 946 356 1018 utique
371 946 470 1001 dolore
485 947 617 1003 noverint
630 947 800 1015 amittenda,
813 965 865 1003 nee
881 948 966 1019 quid-

145 1049 234 1104 quam
250 1051 351 1089 cerum
367 1052 397 1090 sc
410 1038 501 1091 morte
517 1037 617 1092 emnia
636 1041 842 1107 prorumpente
858 1035 901 1091 vel
916 1053 966 1090 eo-

146 1121 243 1177 mitari
261 1122 401 1194 possc,vel
419 1125 499 1195 sequi
514 1141 519 1178 :
533 1125 603 1196 quin
613 1125 711 1195 potius
722 1143 785 1197 qriir
802 1126 897 1196 majus
907 1142 966 1179 orn·

146 1210 234 1267 nibus
250 1217 294 1266 ast
309 1213 420 1284 species
436 1213 511 1269 beriti
535 1214 666 1285 pudoris,
683 1215 740 1269 Dee
768 1213 967 1286 angelicisque

146 1300 231 1355 unice
246 1301 334 1355 chara
349 1303 526 1374 agminibus,
539 1303 738 1375 superomnia
751 1303 811 1357 bac
826 1303 929 1357 intima
939 1307 967 1358 ct

146 1389 248 1443 muudi
273 1390 382 1445 caduca
411 1391 624 1446 oblectamenta
639 1392 683 1446 sui
701 1391 792 1447 solius
807 1391 965 1464 voluptate,

146 1485 304 1551 sanctoque
319 1484 348 1535 et
361 1480 548 1536 immaculato
564 1480 641 1537 allici
656 1482 809 1537 desiderio.

181 1571 207 1623 t.
224 1570 279 1624 Sed
295 1573 328 1623 ut
342 1574 435 1642 empta
444 1587 611 1642 sequamur,
626 1576 762 1642 parantes
778 1570 905 1643 puellam
922 1573 965 1626 lu·

1021 503 1050 555 et
1065 500 1176 556 catoris
1190 499 1275 556 rediit
1289 501 1593 573 gratiarnhttundant
1608 503 1655 560 bie
1665 505 1804 578 virgines,
1821 513 1850 564 et

1021 590 1165 645 castitatis
1180 591 1318 647 thesaure
1335 590 1407 646 nibil
1423 592 1480 648 Deo
1493 593 1607 665 gratius
1619 594 1662 649 vel
1677 596 1789 668 angelis
1804 597 1848 654 di-

1022 683 1106 733 scant
1121 677 1305 734 lumiliarius.
1323 678 1490 752 virginitati
1506 681 1639 737 Christus
1659 683 1735 740 inter
1749 688 1849 744 omnia

1022 767 1105 822 adest
1121 767 1303 834 discrimina,
1316 767 1439 840 spiritus
1454 768 1585 826 coelestos
1602 771 1645 826 uti
1660 788 1776 844 sponsas
1793 774 1848 832 im-

1022 856 1219 927 peratorissui
1236 857 1339 912 famuli
1355 857 1537 913 devotissimi
1552 860 1766 933 obsequuntur.
1783 863 1848 921 Hac

1022 942 1404 1019 solaimmaculatahgnum
1414 949 1548 1019 sequitur
1558 949 1667 1022 ubique
1678 951 1849 1011 immacula-

1021 1036 1099 1087 tum:
1112 1037 1281 1106 quantoque
1292 1034 1316 1089 ei
1329 1034 1457 1090 adhaeret
1473 1035 1610 1105 vicinius,
1620 1043 1703 1096 tanto
1719 1042 1755 1098 ad
1772 1058 1849 1114 qua·

1020 1121 1092 1177 libet
1108 1122 1256 1195 postulata
1270 1124 1388 1179 auditur
1401 1123 1539 1180 velocius.
1552 1127 1623 1182 Ecce
1634 1144 1724 1199 qnam
1739 1135 1847 1203 praesto

1021 1209 1089 1265 huic
1101 1211 1211 1267 ancilla
1222 1211 1655 1285 suregratiaillaimcstirnabilis
1663 1218 1848 1279 adsuitllere

1022 1317 1111 1373 propo
1138 1302 1280 1358 Dominus
1304 1302 1442 1359 omnibus
1466 1305 1515 1375 qui
1541 1305 1723 1364 obtriverunt
1742 1326 1801 1378 cor,
1818 1314 1848 1368 et

1021 1407 1110 1463 prope
1126 1390 1266 1447 timentes
1277 1408 1344 1447 eum
1361 1390 1490 1448 salutare
1502 1392 1672 1464 ipsius.Qoo
1681 1413 1748 1453 vero
1758 1403 1847 1471 putas

1021 1495 1070 1534 ere
1081 1497 1145 1535 eam
1155 1485 1224 1535 tune
1240 1480 1269 1534 in
1285 1479 1402 1535 laudem
1419 1480 1464 1537 sui
1480 1482 1612 1555 erupisse
1627 1485 1782 1553 Crantoris,
1794 1491 1846 1544 aut
1919 1494 1925 1506 '

1021 1569 1107 1641 cujus
1122 1586 1227 1642 genere
1241 1568 1321 1624 vocis
1345 1568 1488 1641 hymnum
1513 1570 1710 1628 inestimabili
1735 1574 1847 1633 fudisse

143 1657 270 1729 gicntem
287 1659 437 1730 evestigio
453 1659 671 1727 insecuti,lacto
687 1664 849 1731 stupentes,
866 1660 966 1732 iraque
1021 1675 1089 1714 cum
1101 1657 1207 1729 jubilo,
1224 1675 1292 1714 cum
1307 1657 1407 1714 oculos
1422 1658 1497 1716 lucis
1512 1658 1592 1716 illius
1612 1660 1769 1719 invisibilis
1784 1667 1845 1720 tarn

142 1747 393 1814 incensi‚marime
410 1765 477 1804 cum
492 1749 673 1821 sponsalium
689 1750 854 1805 administri
865 1750 1005 1850 sebon-B
1021 1747 1134 1821 placide
1148 1748 1177 1802 in
1193 1765 1225 1803 se
1240 1749 1378 1820 dejectos,
1396 1753 1425 1804 et
1440 1765 1525 1805 aures
1539 1748 1605 1805 illas
1632 1750 1846 1810 secretissimas

142 1838 237 1909 questi
255 1837 373 1894 delusos
388 1838 490 1893 acriori
508 1838 764 1894 instimularentur
779 1838 896 1906 dolore;
911 1858 964 1896 aa·
1018 1837 1081 1892 voci
1096 1853 1155 1893 sua
1170 1840 1230 1893 tam
1246 1853 1369 1909 propero
1379 1838 1515 1911 cognovit
1528 1839 1797 1914 admotas,tamqne
1807 1843 1846 1900 ia-

141 1924 239 1982 cillam
254 1925 361 1981 Christi
377 1944 410 1982 as
425 1943 506 1983 sacro
528 1928 656 2000 coniugii
682 1927 755 1995 loeo,
772 1929 796 1983 si
820 1945 878 2000 qua
903 1934 965 1985 arie
1019 1925 1065 1981 cili
1081 1926 1129 1980 via
1143 1942 1243 1999 preces
1258 1927 1341 1982 datas
1356 1927 1483 1995 effectui,
1500 1933 1533 1984 ut
1548 1927 1687 2002 angelum
1707 1936 1843 1989 sanctum

139 2014 280 2084 valerent,
297 2016 477 2071 conabantur
506 2016 685 2073 abstrahere.
717 2018 762 2072 iii
786 2018 867 2091 jugis
897 2023 964 2074 ante
1019 2015 1074 2069 sub
1090 2016 1163 2088 ipsis
1188 2015 1357 2071 mortalium
1381 2016 1526 2074 eculisad
1549 2017 1846 2080 selatiticandumet

140 2105 249 2161 ostium
263 2105 332 2160 adis
347 2108 453 2161 sanctae
469 2106 660 2177 pernoctatio,
677 2107 849 2179 intentaque
859 2108 905 2165 die
916 2126 964 2164 no·
1018 2104 1229 2160 consolandum
1241 2107 1411 2178 praepotenti
1419 2108 1846 2182 maiestataadvcnissegaude·

140 2198 247 2267 ctuque
263 2194 436 2260 observatio,
453 2199 487 2249 nt
502 2193 632 2266 qualibet
647 2196 721 2250 sorte
746 2197 802 2251 sibi
826 2197 964 2255 facultate
1018 2193 1079 2248 ret‘l
1094 2192 1265 2265 Prophetica
1278 2194 1418 2249 nimirum
1439 2195 1644 2267 exsultatione,
1655 2197 1720 2270 jam
1735 2212 1845 2272 sponsa

140 2283 238 2341 oblata
251 2284 279 2340 vi
293 2284 437 2340 abducere
451 2288 650 2356 properarent.
667 2284 766 2341 Puella
789 2289 963 2345 venerahilis
1018 2279 1143 2338 coelestis
1170 2281 1282 2351 allecta,
1298 2283 1340 2338 uti
1366 2286 1480 2355 poterat
1505 2301 1539 2340 ac
1558 2285 1655 2342 dicere
1671 2303 1678 2341 :
1694 2287 1789 2345 Induit
1801 2304 1846 2347 me

141 2373 246 2446 spiritu
262 2372 428 2440 robustiori,
446 2372 602 2445 animoque
617 2389 649 2428 se
663 2373 810 2430 obstinato
824 2374 962 2432 immabi·
1017 2373 1148 2427 Dominus
1162 2373 1318 2427 vestimento
1332 2372 1429 2429 craticiis
1444 2380 1470 2429 et
1485 2373 1642 2432 indumenta
1650 2376 1772 2448 justitiae
1785 2380 1842 2433 cir·

139 2460 197 2519 lem
214 2466 325 2532 tenens,
342 2467 375 2518 nt
390 2465 575 2519 sacrosancte
591 2463 756 2518 adhaerebat
770 2462 866 2534 altari,
882 2466 963 2523 nulla
1016 2461 1152 2516 cumdedit
1164 2477 1208 2516 mc
1219 2461 1281 2532 (lic.
1299 2478 1353 2529 mr,
1372 2463 1429 2529 10).
1441 2462 1572 2535 Iamque
1586 2479 1654 2520 voce
1670 2464 1844 2525 universalia

139 2550 207 2607 inde
219 2552 330 2608 ratione
340 2550 384 2607 vel
397 2556 505 2624 puncto
518 2551 658 2623 temporis
673 2551 859 2624 aliquatenus
870 2556 964 2628 quivit
1016 2548 1149 2605 Ecclesia}
1164 2566 1198 2604 tx
1214 2552 1339 2621 utroquo
1364 2566 1434 2605 sexu
1458 2548 1585 2607 collectis
1611 2551 1661 2607 uni
1684 2553 1774 2626 capiti
1789 2570 1844 2611 sue

139 2639 234 2709 aveiii,
251 2646 280 2697 et
293 2641 412 2711 (mirum
429 2640 509 2696 dictu
522 2640 541 2708 i)
556 2656 607 2696 sex
621 2640 769 2698 continuis
785 2643 889 2700 diebus
903 2663 962 2702 ma·
1016 2637 1231 2711 gratulabunde
1241 2638 1625 2712 proclamarasiceiapoeso
1636 2641 1844 2711 imposuissetis·

138 2744 212 2786 noas
227 2729 257 2786 in
272 2730 466 2799 ecclesia,aen
476 2729 562 2784 mode
573 2745 631 2784 nou
642 2732 826 2802 egressa,sed
838 2736 867 2788 et
881 2736 960 2791 omni
1015 2731 1137 2794 mitram,
1147 2736 1173 2783 tt
1186 2730 1393 2801 sicutaponacm
1407 2729 1731 2785 ornavitmsstlmtmmto
1746 2728 1839 2801 (itm,

137 2836 259 2891 prorsus
269 2819 333 2876 cibo
345 2819 472 2876 abstinet
487 2823 516 2875 et
530 2823 611 2890 potu.
621 2817 728 2875 Verum
743 2820 793 2893 qui
803 2821 960 2881 detescam
1015 2819 1093 2889 juata
1109 2816 1189 2890 iix).

137 2911 217 2967 omni
233 2910 325 2978 carni,
341 2912 370 2963 ot
382 2908 476 2981 replet
497 2924 583 2964 omne
612 2908 719 2964 animal
749 2910 960 2986 benedictione,
1049 2908 1077 2962 6·
1094 2907 1192 2976 Beatej
1205 2906 1303 2977 itaque
1325 2905 1406 2979 virgo
1433 2921 1500 2962 cum
1519 2905 1564 2978 (ut
1583 2904 1769 2978 premissum
1781 2909 1840 2978 est)

137 2998 278 3056 famulam
293 3014 377 3054 suam
393 2997 533 3053 humanis
548 2998 840 3065 frustratam,divinis
851 3006 961 3059 recreat
1014 2995 1175 3052 visceribus
1190 2993 1313 3050 affluens
1330 2994 1448 3066 pietatis
1462 2997 1583 3051 cunctos
1595 2994 1650 3052 sibi
1665 2994 1779 3067 pridem
1794 2995 1839 3051 in·

135 3087 420 3158 alimoniamque
436 3085 571 3158 precihus
581 3085 709 3141 assiduis
725 3086 797 3142 eoeio
812 3087 956 3147 intentam
1014 3085 1112 3141 ienees
1127 3083 1215 3140 venie
1239 3082 1398 3139 eiemenier
1421 3083 1601 3152 admisisset,
1617 3087 1646 3139 st
1666 3083 1839 3156 perentibus

135 3175 267 3249 angelica
282 3176 423 3230 duntaxat
437 3174 578 3246 probatur
602 3173 717 3245 pavisse
744 3176 872 3232 resectio.
887 3179 956 3236 Fide
971 3155 993 3222 G
1012 3171 1270 3245 deincepsinnullo
1281 3171 1438 3244 impatiens
1449 3171 1838 3245 placidamsesnbdidisset;

134 3265 319 3322 intercutem
334 3262 479 3318 constanti
504 3262 724 3333 perseverantia
747 3280 806 3320 suae
823 3282 957 3324 remane·
1012 3264 1048 3320 ad
1060 3262 1228 3336 predictam
1242 3260 1363 3317 amitam
1373 3275 1457 3318 suam
1467 3260 1635 3318 hotbildam
1651 3276 1764 3335 magna
1774 3279 1839 3335 pro·

134 3354 276 3411 rationem
292 3352 424 3425 exigente
435 3348 642 3407 consolationis
652 3350 837 3424 divinaeque
853 3358 956 3412 tandiu
1011 3351 1111 3409 bitatis
1127 3349 1360 3406 sama'celebrem
1375 3367 1464 3423 quam
1477 3349 1507 3406 in
1522 3350 1727 3409 seeundoaetu
1739 3351 1775 3409 de
1785 3368 1839 3409 nu-

135 3446 315 3500 coutraetam
351 3441 459 3496 nubem
505 3439 638 3495 mereris
682 3440 871 3514 abstergeret,
907 3444 956 3503 lux
1011 3439 1198 3515 ptiis,pudcri
1210 3443 1420 3508 metuena,nou
1430 3438 1597 3496 contumaci
1608 3443 1707 3496 mente
1721 3440 1836 3514 refuge·

134 3515 252 3603 repen'to
267 3533 350 3602 grata
375 3528 565 3601 resplenduit.
583 3527 712 3585 Instante
742 3547 868 3603 namque
891 3534 954 3605 jam
1010 3535 1065 3600 rat,
1078 3533 1141 3602 jam
1157 3529 1187 3584 in
1203 3527 1296 3601 gratia
1311 3533 1448 3600 percepta
1467 3544 1525 3584 nen
1548 3527 1705 3585 minimum
1730 3543 1836 3602 gorens

133 3620 260 3693 septima
288 3618 334 3673 dio
363 3633 427 3690 que
453 3616 605 3673 Dominica
629 3622 790 3685 cretaeae
818 3621 862 3676 vir
891 3624 955 3696 qui·
1010 3619 1133 3687 dduoira,
1150 3618 1283 3674 Treviros
1306 3621 1409 3689 sponte
1430 3615 1590 3673 contendit.
1607 3608 1650 3673 ibi
1675 3632 1728 3689 pro
1748 3617 1836 3675 mede

133 3708 202 3764 dam
215 3707 298 3764 vultu
313 3706 648 3781 angelico,sequentibus
659 3708 757 3778 pueris
768 3708 882 3768 dnobus
893 3714 955 3785 pul·
1009 3707 1238 3766 conversationis
1260 3711 1391 3778 tempore
1412 3722 1471 3762 nen
1486 3705 1579 3762 multo
1594 3709 1704 3772 exacto,
1719 3706 1835 3764 cunctis

132 3797 284 3855 uberrimis
301 3797 356 3853 suh
371 3795 503 3852 omnium
518 3799 675 3868 conspeetu
686 3796 812 3865 advenit,
829 3805 953 3870 partem·
1004 3799 1067 3870 jam
1083 3798 1227 3873 bonornm
1248 3795 1356 3851 studiis
1372 3810 1489 3850 morum
1504 3798 1684 3866 actuumque
1700 3797 1782 3851 statu
1796 3795 1833 3852 sd

131 3903 186 3959 que
200 3885 300 3943 altaris
315 3902 373 3958 qua
386 3884 467 3957 virgo
478 3884 678 3940 sacratissima
693 3886 833 3957 pudorem
845 3891 952 3949 tuendo
1008 3901 1141 3943 normam
1148 3883 1273 3941 coelestis
1284 3881 1445 3955 disciplina
1451 3882 1594 3956 quidquid
1601 3881 1834 3940 divinitusethu·

128 3975 288 4042 celabatur,
306 3978 385 4031 reeta
398 3973 560 4047 ingressus,
575 3973 719 4029 velamine
730 3975 760 4030 in
771 3982 878 4033 saneta
890 3995 952 4051 spe·
1007 3977 1137 4033 manitus
1146 3990 1228 4047 aque
1239 3972 1379 4045 competit
1388 3975 1417 4028 et
1426 3972 1549 4028 honeste
1560 3971 1730 4044 plenissime
1740 3971 1832 4029 infor·

128 4062 855 4136 cimonreligioniscornentibuscunctisBvirginis
863 4073 951 4141 caput
1006 4064 1200 4132 mata,urbem
1211 4061 1268 4119 sibi
1279 4059 1449 4133 patrociniis
1460 4060 1567 4116 divinis
1579 4059 1704 4116 amicam
1715 4060 1832 4118 Mettim

126 4151 321 4210 obnubit.Nec
333 4166 426 4217 mora,
441 4151 535 4206 oculis
546 4151 806 4218 intuentium,eum
824 4153 870 4211 his
884 4157 948 4228 qui·
1005 4150 1204 4225 repetiitvitae
1219 4149 1297 4207 illico
1312 4149 1447 4206 arctioris
1463 4148 1764 4223 ingressum‚cuijam
1776 4150 1832 4205 du·

125 4241 182 4298 bus
196 4237 695 4312 apparuitsublatus,magnitudine
708 4241 911 4315 sacti‚stupcre
921 4249 951 4302 et
1004 4242 1075 4298 dum
1086 4245 1206 4298 sanctus
1216 4241 1280 4310 ejus
1295 4238 1417 4310 spiritus
1431 4242 1492 4294 tote
1508 4237 1653 4295 desiderio
1668 4237 1830 4310 aspirabat,

125 4329 266 4387 miraculo
276 4326 400 4402 perculit
409 4326 640 4394 universos,cum
649 4333 742 4383 terror
750 4328 812 4400 ipse
822 4347 871 4387 cos
877 4348 911 4387 ac
923 4334 947 4389 si
1003 4330 1175 4387 ancillarum
1192 4326 1298 4386 Christi
1310 4345 1342 4384 se
1357 4344 1425 4383 cum
1436 4341 1523 4400 grege
1535 4324 1656 4383 collecto
1671 4341 1792 4382 summa
1801 4326 1830 4383 vi

125 4418 247 4476 stolidos
262 4421 291 4473 et
306 4415 412 4472 mentis
427 4432 524 4471 vacua
539 4416 581 4471 sie
597 4416 783 4485 reddidisset,
800 4423 832 4474 ut
853 4437 947 4493 neque
1002 4423 1153 4492 atqueepe
1164 4419 1260 4474 nitens
1271 4416 1405 4488 arripuit.
1415 4414 1558 4471 Estlocus
1569 4413 1646 4472 infra
1656 4414 1766 4471 moenia
1779 4432 1830 4472 ur·

125 4506 366 4581 proloqui,nequc
381 4505 469 4572 unde,
486 4508 537 4560 ant
551 4505 601 4577 qui
617 4510 716 4561 essent
731 4507 781 4577 qui
796 4514 947 4580 venerant,
961 4526 985 4591 D
1000 4506 1047 4566 bis
1057 4504 1409 4583 ipsiusp'urebereditarie
1421 4509 1491 4560 tune
1503 4507 1658 4577 parentum
1668 4503 1828 4575 possessio,

124 4601 244 4670 possent
258 4593 397 4652 ediscere·
1001 4596 1174 4672 religiosiori
1189 4594 1337 4651 institutio
1357 4593 1517 4650 admodum
1532 4596 1727 4667 opportunus.
1744 4591 1830 4649 Hune

97 4744 103 4748 ,
157 4686 185 4742 5.
201 4686 354 4741 Cumvcre
370 4687 436 4755 post
451 4683 615 4738 discessum
630 4684 898 4743 tantaevisionisad
915 4706 945 4745 se
1000 4681 1428 4758 sanctovirgodivinisusibus
1443 4681 1596 4738 denodari
1612 4680 1827 4755 sihiexpostu·

121 4774 227 4831 reversi
242 4776 374 4830 sanctam
395 4771 537 4845 virginem
553 4788 586 4828 eo
601 4772 705 4829 habitu
721 4779 867 4831 astantem
879 4793 943 4849 per·
999 4776 1075 4845 lans,
1091 4790 1144 4830 nec
1158 4789 1241 4828 mora
1256 4770 1445 4843 paratissima
1459 4785 1560 4827 eorum
1574 4767 1828 4828 liberalitstcede·

120 4863 276 4935 spicerent,
291 4861 375 4918 facile
391 4861 656 4918 animadvertentes
671 4862 833 4936 angelicam
852 4882 942 4937 appa·
997 4869 1081 4938 ptum
1093 4860 1306 4918 monasterium
1318 4858 1484 4932 puellarum
1495 4859 1545 4916 Dei
1556 4858 1641 4916 bodie
1652 4874 1748 4932 usque
1757 4858 1829 4917 insi·

119 4953 213 5009 ruisse
229 4951 427 5025 presentiam,
443 4956 597 5024 totumque
613 4951 642 5006 id
667 4951 809 5009 divinitus
832 4954 942 5010 lactum
995 4946 1827 5026 gnepulchromatcrialiterdecoreconstruxitpnlcbrieri

117 5042 273 5112 essequod
288 5040 507 5111 viderant,nihil
522 5058 580 5113 qne
591 5040 668 5096 ultro
683 5042 855 5098 resisterent
868 5048 940 5099 erat.
996 5040 1188 5098 nibilominus
1202 5038 1345 5095 virtutum
1362 5038 1464 5093 robore
1480 5035 1620 5093 nobiliter
1633 5034 1825 5109 gubernavit:

116 5131 244 5186 Tantum
260 5128 322 5184 solo
335 5129 622 5203 strati,vestigiisque
638 5130 730 5185 beatas
740 5130 863 5204 virginis
875 5134 942 5189 sub·
996 5131 1092 5204 inquo
1100 5129 1235 5202 usquead
1246 5131 1566 5184 centenumnumerum
1577 5123 1734 5197 collegium
1745 5122 1826 5180 chri-

116 5216 358 5289 missipamemni
367 5216 487 5272 feritatis
497 5217 939 5293 tumoresupplicemingestum
995 5225 1040 5276 ate
1052 5216 1259 5275 tamulantium
1275 5216 1425 5286 adunavit,
1435 5215 1521 5287 eiquo
1531 5212 1612 5270 omni
1626 5210 1784 5284 vigilanter
1793 5229 1825 5270 se

115 5304 381 5374 eonverso‚voniam
397 5303 488 5359 sclam
505 5322 556 5376 pro
573 5306 662 5363 illatis
677 5312 797 5364 exorant
812 5309 938 5380 injuriis.
995 5308 1115 5365 dnlitato
1131 5306 1239 5362 institit
1253 5305 1390 5379 gloriosa.
1400 5306 1467 5370 Oua
1479 5304 1568 5374 hujus
1578 5300 1716 5371 deinceps
1727 5300 1823 5356 saneti

115 5393 176 5449 Non
193 5397 256 5447 erat
270 5394 347 5464 apud
364 5410 413 5449 cor
428 5392 475 5448 cui
486 5393 771 5466 spirituspietntisot
782 5414 829 5452 rex
840 5398 939 5469 prasi·
994 5395 1162 5454 certaminis
1187 5394 1368 5450 conversatio
1392 5393 1490 5462 suerit,
1507 5390 1600 5465 quiin
1621 5387 1702 5445 omni
1717 5403 1825 5461 genere

115 5480 455 5548 debatmansoetndinis,
464 5481 511 5537 hic
520 5481 916 5559 laberditlicilisindulgendi
930 5504 936 5541 :
994 5483 1135 5558 spiritalis
1145 5482 1317 5539 inerementi
1328 5482 1353 5535 ei
1365 5482 1513 5554 proiectus
1529 5477 1699 5553 quotidiano
1711 5493 1768 5534 usu
1777 5493 1824 5536 ac·

115 5584 148 5626 ae
159 5573 279 5643 repente
287 5573 426 5645 tanquam
440 5568 528 5629 nullis
544 5568 762 5643 iasa,omnibus
773 5591 895 5646 quaque
905 5592 938 5633 ea
994 5574 1127 5644 cesserit,
1142 5573 1196 5631 sub
1212 5588 1270 5645 quo
1295 5569 1456 5644 disciplina
1472 5570 1568 5643 rigore
1582 5572 1613 5627 et
1624 5566 1722 5640 seipsa
1736 5582 1821 5628 cem·
