3900 6090
119 250 200 341 poet
527 251 791 309 Ithotstnt‘tlnt
815 247 999 351 MONdeiS
1024 246 1419 306 enunllnsulltltDNStS
1756 243 1828 337 illidii

121 390 189 454 Qun
204 392 232 441 te
247 390 344 440 mente
357 383 429 450 eolo,
439 399 555 438 carmen
573 399 688 454 queque
704 387 820 454 pectere
831 398 942 454 prome,
959 382 987 448 Α
1003 380 1219 451 Famosnmqne
1234 382 1319 434 tuum
1334 378 1446 434 calamo
1463 379 1579 451 signare
1595 376 1795 450 triumphum,

121 478 156 531 llt
171 475 226 541 sac,
242 471 338 543 exigui
353 487 458 541 supere
474 469 508 523 ‹le
524 485 587 523 rore
604 467 690 539 rigari
1000 467 1035 522 ut
1049 484 1136 539 quern
1151 467 1287 522 nobiliter
1301 467 1445 522 muudum
1468 484 1536 522 eum
1560 469 1658 521 morte
1678 470 1829 521 cruentum

122 562 248 620 Pectoris
265 562 422 616 obscurum
435 557 499 627 jam
515 556 571 610 mis
586 555 760 612 clementius
776 560 904 626 antrum,
1000 555 1113 626 Vicisti,
1131 557 1255 612 nitidam
1270 560 1417 612 mercatus
1432 557 1576 630 sauguine
1591 553 1739 628 palmam.

122 657 183 721 Quo
199 650 309 724 possim
325 648 445 703 laudum
459 633 605 717 ‘condigno
622 645 694 700 mire
710 651 838 712 tuarum,

478 914 953 1098 SEQUlTDR
1020 916 1478 1076 HlSTDth

158 1154 290 1212 Partibus
306 1155 436 1211 occiduis
453 1154 535 1209 lulsit
549 1154 573 1208 el
577 1170 661 1208 arum
678 1155 767 1209 decus
782 1153 861 1209 orbis
1000 1155 1111 1211 Obruta
1126 1154 1206 1210 mille
1222 1155 1367 1210 malistte
1324 1154 1411 1210 tteies
1426 1155 1496 1210 urbs
1511 1172 1618 1227 nempe
1635 1155 1748 1212 tidelis.

90 1317 93 1321 ι
120 1247 194 1303 Urbs
208 1248 322 1318 August
323 1262 340 1299 a
312 1245 441 1309 t,N0va
455 1242 555 1298 titulis
572 1243 684 1297 ierittae
639 1243 837 1315 ate.superba
1000 1243 1067 1311 Sed,
1083 1244 1108 1298 si
1125 1260 1198 1315 quos
1214 1243 1291 1316 iguis
1306 1243 1414 1298 Christi
1430 1242 1582 1298 succendit
1596 1244 1714 1299 ameris

120 1338 212 1402 Quam
229 1335 302 1391 satis
316 1333 437 1406 Hispani
452 1332 562 1388 cultam
578 1336 698 1388 tenuero
714 1333 819 1401 coloni,
1000 1331 1197 1405 Martyriique,
1215 1338 1261 1388 sat
1263 1332 1288 1386 is
1303 1332 1399 1387 suasit
1413 1347 1599 1403 eorrumpere
1615 1331 1710 1388 dictis

119 1426 192 1481 121
211 1423 355 1490 Corduba,
373 1424 486 1477 famosa
500 1420 629 1492 locuples
645 1421 679 1476 de
695 1421 813 1476 nemine
829 1421 917 1487 dieta,
1000 1420 1146 1476 Marmora
1148 1437 1223 1492 ,qua
1234 1420 1379 1492 princepe,
1383 1420 1708 1492 comptusdiademate,
1710 1423 1831 1496 supplex

118 1513 229 1586 Inclyta
244 1511 365 1580 deliciis,
384 1511 472 1567 rebus
487 1527 603 1581 queque
619 1509 774 1582 splendida
788 1510 912 1576 eunetis,
999 1509 1124 1581 Corpore
1139 1514 1283 1608 prostrate
1298 1514 1417 1565 vtenera
1418 1514 1481 1564 nrt
1469 1509 1555 1565 thure
1570 1509 1688 1579 Sabaeo,

118 1602 243 1658 Maxime
254 1595 387 1674 'septenis
403 1598 512 1672 sophie·
529 1599 640 1670 repleta
654 1599 782 1667 llueutis,
882 1644 886 1651 .
999 1596 1057 1653 llos
1072 1597 1150 1670 capit
1151 1598 1177 1654 is
1139 1597 1273 1654 tsubit
1261 1598 1455 1654 tednmnavit
1470 1597 1600 1671 deniqne
1615 1615 1718 1671 poena.

117 1692 175 1747 Nec
191 1708 248 1747 nen
264 1687 412 1761 perpetuis
421 1705 536 1760 semper
551 1686 690 1759 preclare
700 1687 868 1760 triumphis,
958 1690 981 1754 B
996 1686 1051 1742 Sed
1067 1703 1190 1759 superes
1206 1687 1310 1743 anime
1326 1687 1475 1759 petierunt
1490 1687 1638 1760 sanguine
1652 1686 1734 1746 lotae.

118 1779 194 1835 Olim
209 1797 273 1853 qun
288 1777 404 1835 Christo
419 1778 515 1832 suerat
528 1793 599 1832 vene
610 1776 728 1832 subdita
740 1778 821 1849 juste
1036 1775 1159 1831 Casibus
1175 1775 1222 1831 his
1238 1775 1337 1847 plures
1353 1775 1485 1832 volvebat
1498 1776 1637 1833 Corduba
1651 1775 1746 1846 soles,

119 1869 206 1924 Fudit
219 1873 249 1923 et
264 1867 377 1923 albatos
393 1865 516 1922 Domine
533 1865 708 1936 baptismate
724 1871 818 1921 natos.
1000 1863 1123 1920 Subdita
1138 1864 1324 1936 perlongum
1339 1864 1463 1936 paganis
1478 1864 1598 1937 regibus
1615 1882 1727 1938 evum,

118 1955 226 2012 Bellica
240 1957 290 2011 sed
307 1956 405 2010 subite
420 1955 522 2022 virtus,
540 1954 613 2008 boue
625 1954 742 2009 eeudita
753 1955 821 2024 jura
1000 1953 1096 2008 Donec
1112 1954 1166 2008 sub
1183 1954 1293 2009 nostris
1307 1954 1428 2025 quidam
1444 1954 1480 2010 de
1494 1954 1630 2026 germiae
1645 1955 1729 2028 regis

119 2045 243 2100 Mutavit
258 2060 346 2099 sacrm
362 2043 440 2109 fidei,
458 2042 621 2114 spargende
638 2041 755 2098 notandi
999 2041 1204 2113 Temporibus,
1221 2057 1343 2113 reguum
1360 2043 1490 2115 suscepit
1505 2043 1579 2098 terte
1595 2048 1769 2116 parentum,

119 2133 270 2204 Dogmatis
285 2146 423 2198 errorem,
442 2128 580 2202 papalum
597 2128 730 2201 lusitque
746 2130 871 2186 boetem.
1035 2129 1164 2185 Deterior
1180 2130 1323 2202 patribus,
1340 2129 1410 2186 luxu
1425 2131 1522 2187 carnis
1538 2130 1725 2201 maculatus,

154 2220 266 2275 Perllda
281 2235 349 2275 mun
365 2219 575 2274 Saracenorum
591 2235 663 2290 gens
679 2218 890 2275 indomitorum
998 2219 1200 2275 Abdrahemcn
1215 2218 1321 2288 dictus,
1339 2220 1420 2291 regni
1435 2219 1590 2291 splendore
1605 2221 1768 2293 superbus,

120 2309 206 2364 Urbis
222 2313 315 2363 marte
330 2307 404 2380 petit
417 2308 505 2362 dures
522 2308 645 2377 hujusce
657 2308 774 2364 cotenes
999 2307 1053 2373 Qui
1068 2324 1137 2363 nam
1151 2307 1333 2364 Christicolis
1350 2308 1484 2377 faciebat,
1501 2326 1582 2365 more
1598 2311 1747 2384 parentis,

118 2396 233 2468 Eripuit
248 2413 335 2468 regne
352 2401 460 2450 sortem
477 2396 533 2450 sibi
549 2396 606 2450 vim
622 2414 739 2468 (proque
754 2397 834 2465 clari,
999 2395 1123 2451 Librans
1138 2396 1293 2451 arbitrium
1309 2396 1389 2464 fidei,
1405 2403 1725 2469 supramemoratum,

120 2486 323 2557 Exstinxitqne
338 2486 448 2540 bonum
459 2501 568 2556 regern,
585 2485 760 2556 baptismate
776 2486 879 2553 lotum,
998 2484 1056 2540 Nee
1071 2484 1143 2540 satis
1159 2485 1314 2556 injustum,
1330 2485 1417 2541 solvit
1431 2486 1536 2557 pietate
1551 2489 1721 2557 decretum,

118 2575 172 2640 Qui
189 2574 302 2647 pridem
318 2574 422 2629 merito
437 2573 530 2645 gessit
545 2572 653 2645 regalia
668 2579 794 2647 sceptra,
997 2575 1106 2629 Auctor
1120 2575 1197 2646 quod
1212 2573 1340 2644 sceleris,
1357 2575 1511 2647 populator
1527 2579 1659 2648 perfidus
1676 2578 1760 2635 urbis

118 2665 153 2719 Et
167 2663 244 2719 cives
254 2662 345 2733 justis
361 2661 475 2716 domuit
490 2666 561 2733 quot
576 2666 709 2733 tempera
724 2663 823 2718 frenis.
1000 2662 1114 2729 Saeuit,
1129 2663 1200 2718 dnm
1216 2680 1314 2736 regem
1331 2669 1483 2736 superaret
1497 2665 1590 2721 Marte
1606 2666 1740 2734 fidelem,

118 2751 222 2808 llestili
237 2752 312 2807 serre
327 2755 404 2806 certe
420 2767 477 2822 que
489 2752 552 2822 jum
568 2755 716 2821 snperato,
999 2751 1055 2806 Sed
1070 2751 1188 2807 volvens
1203 2751 1658 2826 enim0,servansquoquecerde
1669 2757 1819 2829 prolundo.

116 2845 156 2897 Ac
171 2840 282 2913 reliquo
297 2840 371 2895 victo
388 2844 471 2894 tauta
484 2839 520 2894 de
535 2839 611 2895 ende
623 2840 747 2911 popello,
998 2840 1110 2911 Sepias
1126 2841 1252 2897 innocue
1267 2842 1425 2897 madefacit
1438 2843 1582 2914 sunguine
1597 2861 1680 2913 rura,

118 2931 225 2985 Ductor
240 2928 398 2985 barbarice
412 2927 650 3000 gentis,strueter
664 2945 781 3001 queque
796 2945 900 3000 pagare
997 2928 1124 3000 Corpora
1134 2930 1284 3000 justorum
1298 2948 1477 2987 consumens
1491 2938 1596 2988 saneta
1611 2933 1757 3003 virerum,

116 3019 167 3073 Vir
180 3023 226 3073 sat
240 3034 404 3090 perversus,
420 3016 479 3071 vita
492 3016 608 3087 rituque
625 3018 775 3089 profanus,
998 3018 1051 3082 Qui
1067 3017 1182 3074 Christo
1197 3018 1451 3075 laudosardebaut
1461 3036 1589 3094 pangere
1604 3021 1721 3088 dulces,

116 3106 252 3161 Vindicat
267 3107 382 3179 imperii
398 3110 507 3161 sortem
523 3105 578 3160 sibi
594 3107 720 3178 denique
735 3108 819 3176 tanti,
997 3105 1093 3176 Ipsius
1107 3111 1136 3161 et
1150 3106 1258 3163 stultas
1272 3108 1368 3164 verbis
1383 3107 1595 3180 reprehendere
1609 3109 1707 3168 divos.

116 3195 245 3251 Colleeat
259 3197 288 3250 et
301 3195 395 3249 socies
411 3194 535 3266 populos
551 3211 618 3250 rnre
633 3195 786 3264 nefaudos,
843 3195 848 3203 '
997 3193 1120 3265 Insuper
1134 3199 1163 3249 et
1176 3199 1259 3251 tante
1272 3195 1349 3252 testu
1365 3213 1396 3252 se
1407 3197 1500 3267 jactat
1513 3197 1544 3253 ia
1559 3198 1630 3254 aula

118 3283 245 3356 implens
260 3287 430 3338 moereutem
446 3300 504 3337 neu
520 3282 623 3353 paneis
638 3282 773 3339 hostibus
788 3286 903 3350 urbem,
997 3280 1173 3353 Sacrilegus,
1191 3282 1311 3339 meritas
1325 3283 1481 3339 cumulans
1495 3284 1552 3342 sibi
1566 3285 1818 3362 deniquopmnas,

119 3372 225 3429 Polluit
239 3375 269 3427 et
283 3376 409 3426 veterem
421 3388 500 3442 parva
517 3371 582 3425 ficei
599 3371 769 3443 genitricem
997 3371 1074 3426 m
1090 3370 1127 3427 Ut
1140 3387 1239 3444 regem
1255 3389 1356 3445 regum
1372 3378 1465 3429 semet
1475 3374 1536 3431 lere
1547 3375 1686 3433 crederet
1700 3377 1804 3451 ipsum,

119 3460 273 3516 Darbarieo
289 3460 358 3525 ritu,
372 3460 450 3530 qued
466 3476 535 3514 nam
552 3459 718 3516 miserabile
734 3461 824 3528 dictu,
998 3459 1068 3530 Djus
1084 3464 1112 3515 et
1127 3460 1250 3532 imperio
1265 3466 1367 3534 gentes
1383 3479 1485 3518 omnes
1498 3462 1570 3519 dare
1585 3463 1676 3536 cella,

119 3550 250 3623 Paganos
261 3548 354 3620 justis
365 3547 591 3604 intermiscendo
607 3547 728 3618 eelouis,
998 3547 1096 3604 Ullum
1112 3565 1164 3604 nec
1180 3553 1262 3606 tanta
1276 3549 1417 3623 populum
1430 3550 1544 3607 feritate
1560 3553 1717 3625 refertum,

118 3641 180 3705 Due
196 3637 251 3694 sibi
267 3637 424 3693 suaderent
439 3638 548 3708 patrios
564 3636 721 3695 dissolvere
736 3656 832 3696 meres
998 3635 1053 3702 Qui
1068 3641 1181 3693 tentare
1196 3657 1266 3695 suas
1281 3640 1401 3695 auderet
1416 3640 1507 3696 Marte
1523 3645 1669 3700 catervas.

118 3729 216 3801 Deque
231 3727 383 3800 profanato
399 3743 499 3782 seeum
514 3726 632 3783 sordere
647 3727 764 3784 sacello.
790 3744 794 3752 ¹
1033 3726 1109 3782 Dum
1125 3727 1236 3783 tumuit
1251 3727 1328 3784 fastu
1344 3728 1422 3785 licite
1433 3730 1600 3801 jactantius
1615 3732 1689 3803 isto,

152 3819 264 3890 hgmen
279 3816 329 3872 sed
352 3819 496 3881 tenerum,
513 3814 628 3870 Christe
653 3821 768 3887 pestere
784 3817 943 3889 regendum
997 3814 1098 3871 Audiit
1113 3814 1180 3871 iude
1195 3815 1267 3873 loeis
1281 3821 1397 3888 gentem
1412 3818 1517 3890 degere
1531 3820 1668 3890 remotis,

117 3907 132 3963 J
138 3922 240 3962 ussum
256 3904 382 3977 perversi
397 3903 512 3974 respuit
527 3920 594 3958 mex
607 3903 689 3960 trisie
704 3906 830 3977 tyranni,
987 3902 1121 3963 ¹Gallicia
1134 3904 1251 3977 regione
1262 3906 1348 3962 sitam
1365 3906 1497 3979 belloque
1513 3910 1690 3983 superbam,

112 3995 223 4050 'Dicens
239 3992 325 4049 malle
336 3992 420 4058 meri,
437 3992 531 4065 legem
547 4008 664 4063 quoque
679 3999 772 4048 morte
786 3996 872 4062 tueri,
998 3992 1107 4048 Christi
1123 3992 1275 4050 cultricem
1285 3994 1572 4071 simulacrorumque
1587 3999 1743 4074 rebellem,

118 4082 220 4138 Vivere
231 4098 320 4154 quam
335 4081 425 4137 stulte
439 4080 532 4136 saeris
548 4080 717 4136 famulando
734 4081 864 4139 novellis.
998 4082 1067 4147 Qum
1081 4098 1136 4138 sua
1150 4082 1288 4139 continue
1303 4087 1384 4140 tenta
1398 4089 1427 4141 et
1442 4101 1582 4158 spernere
1593 4087 1679 4161 jura,

118 4173 180 4237 Quo
195 4186 245 4225 rex
260 4172 417 4240 comperto,
436 4186 493 4223 nen
509 4169 621 4241 absque
635 4169 680 4224 sui
696 4169 758 4225 lere
774 4172 882 4228 dumne
995 4168 1078 4234 VeDe
1093 4186 1204 4242 negans
1216 4171 1346 4227 dominis
1361 4171 1431 4228 olim
1447 4173 1508 4229 lore
1522 4175 1647 4232 subdita
1662 4179 1770 4251 pravis.

119 4257 227 4329 Sensit,
243 4258 268 4313 si
284 4258 400 4313 cunetis
411 4258 519 4329 pariter
534 4257 692 4329 predivitis
708 4260 803 4329 urbis,
999 4260 1060 4324 Quo
1076 4275 1126 4314 rex
1140 4262 1299 4332 comperte,
1316 4259 1445 4316 t’orvebat
1459 4261 1605 4319 demonia
1619 4263 1679 4334 ira,

118 4350 210 4414 Quam
227 4347 328 4402 erebro
343 4346 444 4401 valide
461 4345 536 4416 oepit
551 4344 709 4404 luctamine
725 4365 829 4420 pugne
998 4345 1091 4402 Corde
1105 4362 1210 4420 gerens
1225 4353 1350 4404 veterem
1362 4348 1507 4420 serpentis
1522 4351 1655 4424 denique
1670 4353 1771 4420 bilem.

118 4436 246 4502 Civibus,
259 4435 404 4491 excidium
420 4433 523 4489 mertis
539 4434 683 4490 conferret
697 4453 840 4494 amarum.
959 4425 983 4490 D
998 4432 1196 4506 Volvebatque
1210 4436 1260 4491 diu
1277 4435 1427 4492 flammato
1442 4438 1570 4495 dedecus
1586 4447 1668 4510 astu,

118 4523 160 4579 Ob
176 4524 253 4596 quod
267 4523 416 4578 decretum
433 4522 515 4594 prius
531 4523 714 4579 immutando
730 4530 885 4595 statutum,
998 4522 1073 4589 Quid
1089 4525 1196 4580 laceret
1210 4525 1310 4593 tantis,
1327 4524 1425 4581 anime
1441 4530 1585 4600 tractans,
1600 4529 1745 4588 inimicis.

118 4614 195 4671 m
211 4613 313 4669 Sonuit
329 4631 395 4668 mex
410 4610 517 4685 legem,
532 4612 649 4684 vulgate
665 4613 801 4687 dogmate
817 4615 915 4684 telem,
998 4612 1140 4684 Tandem,
1157 4629 1261 4686 nempe
1275 4612 1341 4669 dole
1356 4615 1471 4670 eunctis
1481 4616 1544 4687 jam
1560 4617 1638 4675 torte
1654 4625 1772 4688 retecto,

118 4701 155 4757 Ut
168 4701 303 4774 quisquis
315 4702 383 4773 ltegi
401 4699 500 4756 mallet
511 4701 619 4755 servire
634 4695 764 4773 pereuni,
999 4699 1114 4756 Atlatur
1126 4718 1259 4774 proceres
1276 4703 1433 4775 praedivitis
1448 4703 1530 4761 urbis
1543 4703 1669 4780 heriles,

118 4791 152 4846 llt
167 4795 284 4862 patrum
301 4806 397 4844 mores
413 4788 482 4844 olim
501 4807 615 4844 servare
631 4789 743 4859 lidoles,
998 4789 1080 4847 'l'alia
1095 4790 1232 4862 pestifere
1248 4790 1381 4848 latrando
1398 4791 1517 4848 verbula
1532 4801 1630 4852 rostro
1648 4814 1656 4852 ;

117 4879 176 4935 lloc
193 4881 299 4934 laceret
314 4878 404 4943 licito,
422 4877 502 4932 unlta
515 4883 581 4950 pest
596 4878 710 4934 vindice
726 4897 820 4951 prena,
997 4879 1059 4935 Non
1075 4879 1156 4947 latet,
1173 4879 1296 4951 imperio
1312 4896 1395 4952 reges
1409 4882 1600 4939 succumbere
1616 4890 1730 4957 nostru,

118 4968 176 5024 llae
192 4966 287 5023 solum
302 4971 386 5022 caute
401 4971 515 5022 servata
529 4966 704 5036 conditione,
963 5010 967 5018 .
996 4967 1096 5024 Vivere
1112 4972 1279 5023 nostrarum
1295 4985 1347 5023 uec
1362 4986 1420 5024 non
1436 4969 1640 5028 moderamine
1655 4972 1762 5048 legum,

117 5057 158 5112 Ne
174 5055 241 5128 quis
255 5056 381 5127 prelatio
396 5054 467 5108 civis
482 5060 671 5127 presumeret
686 5055 767 5112 urbis
996 5056 1103 5112 Omnes
1119 5056 1251 5113 Oceanus
1266 5060 1367 5130 gentos
1382 5074 1456 5130 quas
1470 5056 1576 5115 circuit
1590 5059 1681 5120 ultus.
1695 5065 1696 5068 ’

118 5144 198 5200 Ultra
212 5143 417 5216 blasphemare
434 5141 490 5198 diis
504 5159 574 5198 aure
591 5144 752 5212 lubricatis,
996 5143 1051 5198 Sed
1067 5160 1129 5216 quae
1146 5141 1282 5199 Gallicios
1300 5143 1405 5199 retinet
1420 5130 1528 5200 fiducia
1542 5152 1647 5220 captes

117 5235 194 5299 Quos
204 5232 453 5304 princepseelerot
468 5236 616 5304 seeptrum
628 5233 808 5306 quicumque
819 5239 939 5306 teneret,
995 5232 1108 5300 Nescio,
1125 5231 1254 5304 gratiola
1271 5237 1409 5303 respuant
1423 5237 1457 5288 ut
1471 5233 1581 5291 hedera
1596 5242 1713 5296 nostre.

117 5322 173 5377 Seu
189 5324 278 5393 eaqiut
292 5325 392 5375 exacto
408 5319 494 5375 eitius
510 5308 691 5394 subjungere
706 5322 792 5391 l'erre,
994 5322 1030 5378 bt
1042 5322 1159 5377 tendam
1174 5321 1280 5376 veteris
1295 5321 1355 5376 sint
1370 5322 1477 5395 ingrati
1493 5323 1625 5396 pietatis.

117 5410 152 5465 Et
166 5409 372 5465 sententiolam
388 5409 438 5464 leti
454 5409 566 5482 pertore
581 5425 761 5482 supremam.
840 5425 842 5429 ’
995 5411 1097 5467 Restat
1111 5413 1144 5465 ut
1158 5408 1279 5465 armetis
1294 5414 1461 5481 repetamus
1471 5412 1581 5486 quippe
1595 5413 1717 5476 lacertis

149 5498 205 5587 llis
220 5497 262 5559 ite
277 5498 409 5577 digestis,
427 5498 566 5559 simulata
580 5513 661 5577 pace,
678 5497 798 5581 quievit,
995 5499 1141 5575 Callicles,
1157 5497 1258 5569 hostes
1272 5498 1410 5579 ogitunde
1425 5500 1499 5561 torte
1513 5500 1651 5567 inbelles.
