3900 6090
59 251 137 315 1053
578 245 1238 312 connorffisnx.-v1.sarlanrin.

394 398 540 447 inauras
895 380 926 453 lt,
1262 399 1431 449 aarrecuos.

92 474 227 534 cheonc
241 472 326 529 illam
343 473 490 529 dimittere
505 473 707 547 impunitam?
970 469 1100 527 lustum.

384 577 553 621 samonaos.
1270 578 1424 620 anarrinon.

92 654 297 726 Nequaquam.
972 646 1119 720 Perquire,
1135 649 1285 718 Antiocho,
1300 668 1376 709 anne
1390 652 1459 710 velit
1474 656 1583 713 cedere.

391 756 541 800 sorranus.
1262 757 1433 801 auriocnus.

93 834 128 888 Et
142 832 240 905 quid?
972 825 1026 881 Vin
1043 825 1149 898 adbuc,
1166 826 1262 897 Fides,
1279 829 1366 888 solita
1378 833 1575 892 conviciorum
1598 838 1761 910 objectione

384 937 552 982 amoenus,
937 914 1143 986 imperatorem
1159 915 1375 976 dehonestaret

94 1011 216 1069 llortnrc
242 1009 398 1084 puellulas,
418 1017 446 1067 et
470 1014 494 1068 si
512 1013 685 1083 renitantur,
703 1010 833 1067 infantie
846 1027 882 1067 nc
1304 1025 1395 1066 mnas.

57 1118 173 1175 parcas,
190 1101 242 1157 sed
258 1101 302 1157 lac
318 1105 352 1157 ut
367 1101 422 1157 illa
437 1107 588 1175 necentur,
604 1118 662 1174 quc
678 1100 802 1159 rebellis·
819 1117 882 1158 mn·
973 1095 1031 1151 Cur
1045 1093 1132 1151 solito
1147 1094 1268 1153 minus?

58 1195 105 1248 ter
120 1190 272 1247 funeribus
288 1194 425 1246 natarum
441 1191 537 1247 acrius
552 1193 731 1264 torqueatur.
1263 1203 1433 1246 cancarrus.

397 1293 548 1337 nonianus,
974 1272 1047 1339 Quin
1062 1273 1224 1345 prohiberis
1239 1276 1419 1335 verberibus.

97 1369 213 1427 faciam
229 1384 293 1441 qua
309 1368 447 1426 hortaris.
1303 1382 1393 1423 riom.

385 1473 556 1517 Ammonos,
972 1449 1100 1509 Verbera
1114 1468 1172 1511 non
1187 1453 1369 1529 compellunt
1391 1472 1439 1515 me
1461 1463 1655 1536 lacerandis
1680 1466 1761 1523 nulla

96 1547 139 1606 lta
154 1547 274 1604 demum
290 1546 470 1620 prevalebis.
815 1608 818 1613 ¹
938 1538 1050 1596 allicior
1064 1540 1173 1600 dolore.

394 1653 548 1694 annianus.
1262 1650 1433 1694 sarracena.

97 1726 192 1798 Fides,
210 1726 324 1782 intuere
338 1726 533 1783 venerabilem
547 1740 659 1799 magna
675 1727 772 1784 Diana
784 1727 923 1822 imagi-B
974 1718 996 1775 0
1012 1719 1112 1777 issssslili
1127 1721 1298 1794 Ρθῑῐῑῦἃθῑῐῑ,
1315 1742 1331 1781 ⁰
1347 1731 1505 1786 00ntumux
1520 1732 1652 1790 audacia.

59 1830 139 1888 nem,
155 1819 184 1872 ct
206 1815 249 1872 fer
271 1832 360 1872 sacra
385 1816 446 1871 doe
470 1814 620 1883 libamina,
638 1831 695 1888 quc
720 1815 815 1889 possis
840 1817 884 1874 uti
1273 1829 1429 1873 enarrans.

58 1904 125 1976 ejus
139 1904 243 1978 gralia,
974 1897 1086 1970 Corpus
1103 1899 1212 1956 fatiscit
1227 1917 1279 1975 pcr
1293 1903 1448 1976 supplicia,
1465 1911 1494 1964 et
1508 1923 1592 1967 mens
1607 1916 1702 1972 tumet
1716 1934 1764 1973 su-

425 2011 516 2054 mans,
939 1985 1050 2058 porhic.

96 2081 119 2138 0
135 2081 260 2139 stultum
276 2080 461 2154 imperatoris
477 2083 742 2157 praeoptamcmni
758 2086 885 2140 cantem·
1306 2096 1395 2138 rrnss.

61 2174 114 2245 pta
130 2169 272 2244 dignum!
975 2165 1072 2234 Erras,
1088 2165 1225 2235 Adriane,
1241 2169 1266 2224 ai
1281 2170 1355 2227 reris
1371 2187 1417 2228 ma
1441 2173 1638 2248 castigarint
1654 2182 1764 2257 suppli.

90 2277 96 2286 ·
396 2274 551 2317 annraucs.
940 2252 1003 2309 ciis.
1020 2253 1082 2310 Non
1107 2271 1160 2327 ego
1185 2256 1316 2328 quidem,
1333 2259 1384 2315 sed
1409 2262 1519 2319 infirmi
1542 2268 1666 2327 tortores
1692 2272 1761 2329 dell·

97 2348 172 2417 Quffl
203 2363 374 2406 murmuras
404 2349 638 2407 subsannando?
661 2352 752 2417 Quam
780 2350 886 2409 irrides
940 2342 1023 2398 ciunt
1037 2347 1066 2400 et
1079 2344 1186 2400 sudore
1200 2345 1237 2401 ob
1251 2345 1457 2407 lassitudinem
1472 2352 1578 2411 fluunt.

61 2438 156 2495 fronte
171 2438 303 2512 rugosa?
1273 2450 1429 2494 annianus.

429 2544 520 2583 amas,
975 2522 1041 2590 Fae,
1067 2521 1218 2593 Antioche,
1243 2527 1276 2578 ut
1298 2525 1428 2596 gomella
1463 2533 1589 2601 pectoris
1613 2539 1761 2607 particulas

96 2617 149 2671 Tui
166 2615 319 2673 stultitiam
335 2616 711 2690 irrideo,tuiinsiplentlam
723 2618 882 2676 subsanno.
939 2610 1140 2679 abscindatur,
1157 2627 1215 2683 (11¹0
1230 2611 1334 2669 saltem
1351 2615 1456 2673 rubore
1469 2625 1644 2680 coerceatur.

394 2723 549 2763 annianus.
1268 2706 1437 2762 adnocncs.

96 2794 176 2851 illei?
974 2789 998 2846 0
1013 2788 1128 2846 utinam
1144 2791 1238 2862 possit
1253 2790 1311 2849 ullo
1323 2795 1448 2852 coerceri
1463 2799 1550 2857 modo
1563 2800 1570 2855 l

429 2901 519 2941 arnas.
1273 2898 1426 2941 enarrans.

96 2972 163 3028 Tui.
975 2967 1084 3025 forsan
1099 2969 1290 3031 coercebitur.

386 3075 556 3118 laricanus.
1305 3076 1395 3118 arcas.

95 3150 307 3224 imperatoris?
898 3128 921 3197 G
975 3145 1149 3203 inviolatum
1162 3151 1265 3220 peetus
1279 3150 1450 3221 vulnerasti,
1466 3156 1516 3210 sed
1533 3173 1579 3213 me
1595 3177 1654 3216 non
1674 3160 1762 3220 lasis·

426 3258 516 3297 rrnas.
937 3235 969 3291 tl.
986 3237 1039 3305 lin,
1056 3253 1108 3310 pra
1124 3237 1202 3295 fonte
1217 3240 1382 3314 sanguinis,
1398 3242 1463 3300 fons
1479 3248 1609 3321 erumpit
1623 3249 1717 3312 lactis.

97 3328 204 3402 Ipsius.
1271 3346 1425 3391 annuens.

385 3435 557 3477 emmaus,
973 3414 1006 3470 ln
1023 3414 1196 3472 craticulam
1212 3417 1371 3477 substratis
1385 3421 1504 3496 ignibus
1519 3430 1648 3487 assanda
1670 3445 1761 3505 pona·

94 3508 118 3564 0
136 3507 234 3565 nefas!
937 3506 996 3574 tur,
1012 3520 1070 3574 quc
1084 3503 1112 3560 vi
1127 3504 1244 3577 vaporis
1258 3513 1403 3567 enecetur.

427 3615 516 3655 mnas.
1263 3613 1431 3656 sarracena.

94 3685 171 3754 Quid
187 3685 266 3743 enim
282 3686 413 3755 stultius,
430 3688 501 3760 quid
517 3688 705 3761 insipientius
726 3690 818 3747 videri
832 3707 882 3764 po·
973 3680 1068 3755 ⁰58⁰st
1082 3685 1128 3738 ⁰⁸2
1142 3686 1174 3739 Ui
1190 3683 1397 3741 miflfmbiliief
1411 3695 1519 3761 Pflfssllls
1537 3709 1601 3765 (11¹oe
1625 3698 1682 3755 tue)
1692 3699 1762 3771 J'us·

54 3778 127 3843 test,
145 3791 233 3848 quam
248 3776 326 3848 quod
339 3775 473 3834 bortatur
489 3794 552 3844 nes,
567 3781 734 3852 contempto
750 3779 884 3837 Crantore
938 3770 1014 3827 ⁸¹0ni
1028 3771 1247 3829 0⁰11traluoteri
1261 3789 1318 3830 non
1332 3777 1469 3848 trepidat.

54 3864 272 3933 universitatis,
289 3866 505 3922 venerationem
521 3866 629 3923 inferre
644 3866 795 3925 metallis?
1306 3881 1398 3921 arnas.

383 3971 553 4012 Moenus,
974 3948 1067 4006 Omne
1082 3951 1160 4023 quod
1176 3967 1263 4024 paras
1278 3953 1315 4010 ad
1340 3953 1471 4012 dolorem
1495 3958 1567 4015 mibi
1591 3962 1713 4020 vertitur
1732 3965 1761 4022 in

93 4042 197 4099 Nonne
221 4042 426 4100 heresum„
448 4044 565 4101 insania
588 4048 617 4100 et
642 4061 749 4119 magna
771 4052 815 4103 002
834 4048 883 4105 de.
939 4037 1084 4110 quictem;
1102 4040 1179 4096 unde
1195 4044 1348 4099 commode
1372 4061 1464 4116 pauso
1487 4045 1517 4102 in
1542 4050 1693 4123 craticula,
1709 4071 1762 4112 cau

55 4130 181 4203 mantia,
208 4132 286 4203 quod
310 4149 407 4189 rerum
431 4132 594 4205 principem
617 4132 716 4191 dixisti
743 4135 884 4209 insipien·
939 4126 969 4182 in
985 4127 1146 4200 tranquilla
1161 4128 1302 4187 navicula·

55 4219 143 4281 tem?
1272 4237 1425 4281 maranus.

427 4328 518 4368 eroes.
976 4305 1098 4380 Surtago
1114 4305 1200 4380 picae
1214 4311 1278 4380 pice
1293 4316 1322 4367 ot
1336 4328 1402 4368 cera
1427 4315 1599 4373 ardentibus
1620 4321 1698 4394 rogia
1712 4340 1761 4378 su-

99 4397 162 4455 oiri
179 4403 208 4454 ct
223 4397 298 4467 dico,
314 4399 469 4472 dicamque
484 4400 614 4471 quandiu
629 4399 735 4457 vixero.
940 4398 1129 4467 perponatur,
1142 4400 1171 4452 at
1185 4397 1215 4453 in
1231 4397 1389 4457 ferventem
1406 4402 1554 4476 liquorum
1570 4405 1631 4464 hec
1646 4409 1763 4468 rebellis

391 4503 560 4544 aarmcnus
902 4503 925 4568 p
941 4483 1085 4540 mittatur.

96 4575 185 4632 Breve
208 4579 327 4650 tempus
352 4576 457 4645 overe,
493 4580 521 4632 ct
548 4580 605 4634 clte
630 4578 718 4636 debes
751 4582 886 4639 consumi
1304 4595 1396 4636 arnas.

57 4666 166 4721 marte.
977 4661 1086 4734 Sponte
1101 4662 1208 4724 insilio.

425 4770 517 4815 mnas.
1270 4772 1426 4816 coeranus.

95 4841 157 4899 lieo
173 4845 240 4915 opto
255 4846 288 4900 ut
303 4844 413 4901 moriar
426 4844 457 4901 in
472 4844 598 4902 Christo.
974 4839 1138 4901 Consentio.

356 4974 360 4983 .
394 4949 547 4991 annianus.
1305 4953 1394 4995 sines.

95 5018 257 5077 Duodecim
272 5022 458 5080 centuriones
479 5023 652 5081 alternando
671 5024 809 5082 scindant
831 5028 884 5085 fla·
974 5019 1028 5076 Ubi
1044 5025 1115 5078 ⁸¹¹¹st
1129 5022 1215 5078 missffl
1231 5023 1312 5078 lum?
1328 5026 1409 5093 3⁰00·
1432 5027 1523 5085 illaestt
1547 5029 1624 5086 inter
1649 5031 1761 5089 ferven-

56 5108 121 5183 gris
136 5109 201 5180 ejus
217 5111 358 5170 membra.
939 5111 999 5164 tam
1029 5107 1172 5183 liquorem
1206 5109 1311 5170 ludens
1334 5120 1412 5183 nato,
1437 5121 1467 5173 ot
1489 5135 1542 5190 pro
1565 5120 1592 5175 vi
1617 5122 1762 5178 caumatis

386 5216 554 5258 aurrccnos.
939 5199 1034 5254 sentio
1050 5199 1186 5255 matutini
1202 5201 1386 5276 rcfrigerium
1401 5206 1484 5262 roris.

96 5286 156 5344 Nec
170 5285 289 5359 lnluria.
1272 5309 1426 5351 enarrans.

392 5395 548 5437 annianus.
973 5378 1124 5446 Antioche,
1138 5378 1209 5451 quid
1224 5380 1261 5436 ad
1278 5379 1338 5437 hac
1352 5385 1584 5456 satagendum?

96 5464 287 5522 Ofortissimi
302 5467 497 5536 centuriones,
514 5468 642 5525 accedite
666 5471 782 5542 meique
805 5471 883 5544 inju·
1263 5487 1432 5526 anrrocnns.

58 5553 137 5611 riam
152 5553 306 5612 vindicate.
973 5556 1014 5614 Ne
1028 5556 1131 5613 evadat
1146 5557 1368 5629 providendum.
