3900 6090
117 280 175 342 444

887 273 991 338 vtht.

1760 281 1820 345 tte

119 412 304 471 aatRomeni
315 411 463 487 pontificis
474 409 633 485 singularis
644 411 943 468 sublimitasitasen-
956 408 985 477 Α
999 406 1047 464 dia
1062 406 1146 464 redit.
1164 375 1306 465 deminus
1322 425 1448 483 namque
1468 407 1572 484 agebat
1587 428 1639 484 pre
1655 413 1819 486 Dnusteno,

120 503 243 561 tentiam
264 502 294 558 ia
318 500 417 575 populi
441 502 609 557 seductores
632 501 824 573 argentarios,
841 505 869 556 et
885 517 942 556 nen

120 593 202 666 prius
218 593 255 648 ad
271 608 387 647 sacrum
405 589 498 645 uitare
515 589 561 645 die
583 591 765 646 Pentecostes
790 590 942 647 oblaturus

120 681 271 753 procedas,
288 697 376 752 quam
392 683 421 734 et
440 679 506 733 illes
530 679 659 734 vindicte
684 679 777 745 feriat,
793 682 821 733 et
836 678 943 752 populo

120 770 172 826 Dei
182 769 303 841 justitie
317 767 478 841 preveniat.
494 767 605 838 Ubique
621 772 737 822 tuarum
753 767 837 840 signa
851 769 942 823 virtu-

118 865 183 915 tum
191 857 446 930 relinque,ubiqae
455 856 613 911 Demiuicar
623 857 719 911 crucis
731 861 837 926 tropea
847 858 941 930 erige,

119 946 334 1020 promereberis
348 945 457 1000 etenim
472 948 537 1016 pest
551 945 697 999 modicum
709 944 841 1014 gladium
857 947 942 1012 Petri,

119 1037 150 1094 in
166 1053 224 1110 quo
239 1037 405 1101 innumera,
420 1034 497 1089 sieut
517 1035 629 1102 Petrus
646 1035 779 1089 emnium
803 1053 943 1108 generum

119 1123 262 1183 animalia
280 1124 396 1179 occides
412 1122 478 1193 (Act.
496 1141 523 1187 x,
542 1123 584 1190 13,
603 1124 657 1191 44),
671 1129 700 1178 et
716 1125 745 1177 ia
761 1141 866 1196 certius
890 1127 944 1181 Ec·

118 1214 214 1270 alesia
221 1212 426 1269 manducando
438 1212 575 1282 trajicies.
584 1211 944 1286 Premercberisinquam,

118 1303 252 1376 gladium
277 1301 364 1369 Petri,
389 1301 564 1374 insignitum
590 1301 708 1357 nomine
736 1303 944 1375 omnipotentis

120 1390 186 1449 Filii
202 1389 265 1459 Dei,
280 1394 313 1446 ut
328 1389 357 1445 in
373 1389 453 1446 omni
469 1388 629 1462 Auglorum
653 1390 809 1448 latitudine
834 1393 944 1465 ligandi

119 1479 309 1553 solvendique
325 1483 455 1552 potestas
470 1497 522 1551 per
537 1479 621 1535 illam
644 1481 696 1536 tibi
723 1488 875 1554 augeatur,
893 1499 945 1540 nee

116 1568 214 1626 valeat
228 1568 259 1625 in
273 1567 347 1624 evile
362 1568 471 1624 intrare
482 1569 591 1636 ovium,
604 1570 653 1641 qui
665 1573 692 1624 te
704 1571 823 1627 ductore
834 1588 891 1627 non
903 1589 947 1627 as·

998 502 1030 552 ut
1040 497 1173 570 implerot
1183 499 1304 554 verbum
1313 516 1410 564 sirum,
1420 501 1496 571 quod
1506 502 1679 573 promiserat
1689 503 1719 558 in
1731 520 1820 560 manu

997 587 1163 658 principum
1187 587 1268 660 regui
1294 587 1347 643 sui.
1366 589 1525 645 Adverteas
1548 595 1644 646 eutem
1662 609 1711 648 rex
1727 594 1821 668 Edga·

998 695 1048 732 rus
1068 676 1172 731 herum
1191 679 1434 749 reprobationem,
1453 679 1581 736 melioris
1605 699 1669 737 esse
1692 685 1821 742 vocatio-

999 782 1076 832 uem,
1095 765 1248 838 solumque
1266 767 1293 820 in
1311 767 1448 822 (inertibus
1461 768 1631 825 freariuibus
1647 788 1711 828 esse
1723 773 1821 829 Duas·

997 857 1111 919 tanum,
1134 854 1180 908 cui
1210 872 1294 909 neruo
1320 856 1454 923 civiiforri,
1478 857 1536 912 ime
1561 860 1699 917 omnibus
1724 868 1822 934 posset

998 941 1136 1014 preferri,
1155 943 1240 996 tertie
1260 943 1342 997 illurn
1360 945 1495 1014 precibus
1512 946 1675 1019 fatigatum,
1693 952 1823 1008 tandem·

998 1047 1055 1102 que
1080 1047 1146 1085 cuni
1169 1031 1214 1086 sui
1247 1032 1430 1103 ipsiusmet
1457 1035 1590 1089 eternium
1618 1037 1822 1111 episcoporum

999 1118 1222 1191 importunitate
1238 1125 1419 1191 superatum,
1428 1123 1528 1194 prime
1541 1126 1709 1197 metropolis
1720 1127 1824 1201 Aegle·

999 1224 1064 1262 ram
1080 1207 1236 1279 primatem
1252 1226 1285 1263 ac
1300 1209 1495 1281 patriercham
1513 1212 1641 1269 instituit
1652 1215 1716 1286 (45).
1730 1218 1822 1283 Quem

999 1297 1100 1370 statim
1115 1299 1151 1352 eb
1167 1298 1256 1352 robur
1270 1299 1435 1371 apostolice
1452 1300 1518 1356 fidei
1533 1302 1577 1357 vel
1593 1305 1776 1360 auctoritatis
1786 1307 1823 1362 ad

1001 1385 1171 1441 Romuleam
1195 1386 1296 1442 urbem
1323 1389 1495 1460 profectum,
1522 1391 1671 1448 Romanus
1695 1394 1824 1466 pontifex

999 1474 1056 1543 (46)
1068 1474 1165 1529 videre
1180 1477 1350 1546 promeruit,
1363 1493 1489 1551 cunique
1503 1481 1594 1535 sacris
1605 1483 1824 1553 pontificalibus

999 1564 1179 1630 decoratum,
1196 1564 1279 1636 quasi
1294 1566 1431 1639 angelum
1447 1568 1561 1624 Domini
1578 1571 1769 1640 exercituum,
1786 1573 1823 1630 ad

118 1657 252 1716 cenderit
268 1674 319 1730 per
333 1657 453 1714 ostium.
470 1659 562 1723 Quem
589 1658 693 1714 merite
717 1660 825 1716 ostium
849 1660 945 1717 horrei
1000 1652 1172 1707 exibendum
1193 1653 1296 1709 divine
1321 1655 1394 1728 legis
1419 1657 1583 1727 scientiam,
1601 1664 1652 1716 aut
1678 1662 1761 1734 quasi
1776 1680 1823 1720 ce·

119 1745 300 1804 Derebernia
316 1750 411 1812 senat,
428 1749 461 1801 ut
475 1745 612 1801 borreum
624 1745 662 1801 sit
676 1747 838 1819 amplitude
855 1749 945 1821 impe.
1000 1738 1133 1795 lumnam
1149 1739 1225 1796 lucis
1240 1743 1275 1797 ad
1288 1743 1515 1802 illuminandam
1527 1748 1630 1803 faeiem
1643 1753 1830 1825 terrae,genti'

119 1835 155 1893 rii
178 1835 351 1910 Anglerum,
372 1834 482 1890 estium
509 1850 576 1891 vero
601 1836 782 1909 principatus
811 1837 946 1896 Ecclesia
999 1828 1159 1902 Anglerum
1176 1831 1350 1887 transmisit.
1368 1833 1439 1889 Ecce
1455 1837 1704 1906 quemadmodem
1721 1840 1824 1913 imple·

118 1924 358 1982 Cantuarierum.

120 2023 212 2083 fidene
237 2031 353 2090 nwrtrve,
379 2026 496 2097 itemque
524 2025 647 2095 Sisciae,
668 2025 824 2083 Bertheline
854 2029 944 2101 ejecte,

349 2111 528 2169 cantuarium
544 2114 717 2184 transfertur.

155 2200 202 2256 ³2.
218 2201 349 2257 Excessit
365 2217 433 2274 ergo
452 2201 592 2257 humanis
617 2202 715 2271 rebus,
732 2203 876 2260 deductus
892 2223 945 2262 an-

120 2287 254 2363 gelorum
269 2290 407 2345 manibus
421 2289 457 2345 ad
474 2290 645 2363 paradisum
661 2292 797 2364 princeps
812 2295 946 2351 sacerde-

119 2380 186 2435 tum
200 2377 272 2446 Ode,
282 2377 328 2433 vir
341 2376 439 2434 clerus
453 2378 608 2452 sapientia,
618 2384 647 2434 et
656 2379 762 2437 virtute
776 2379 944 2453 laudabilis,

120 2471 151 2524 et
164 2466 223 2524 nisi
237 2466 411 2523 Dunstanus
426 2469 605 2536 succederet,
623 2470 660 2524 ab
681 2470 761 2524 enini
785 2471 946 2545 Angforum

121 2554 192 2613 orbe
216 2555 273 2628 (44)
296 2572 414 2628 semper
436 2557 598 2613 deflendus.
617 2558 685 2613 Post
711 2560 797 2631 cujus
821 2561 946 2631 obitum,

121 2630 191 2700 cum
206 2660 257 2700 rex
269 2643 454 2700 Dunstanam
480 2646 639 2718 adjuraret,
657 2650 690 2702 ut
705 2647 840 2721 princeps
865 2650 948 2708 fieret

121 2732 384 2804 sacerdotum,nec
391 2733 438 2790 ille
446 2735 595 2807 adjuranti
605 2734 784 2793 alteratione
792 2754 946 2796 assensum

121 2807 368 2894 accommodaret,
384 2822 529 2879 assistunt
552 2823 683 2896 quidam,
700 2842 825 2898 quorum
842 2843 948 2886 manus

121 2905 286 2968 Wentonie
301 2909 457 2985 episcopus
467 2912 596 2969 Elfsinus
609 2913 788 2985 impleverat,
801 2916 950 2987 postulae·

121 3003 169 3057 tes
183 2994 351 3057 confirmari
367 2999 409 3056 illi
424 3002 791 3059 summumsacerdotium.
806 3004 857 3060 Hic
869 3006 948 3062 enim

1001 1921 1030 1974 ta
1045 1923 1123 1986 suat,
1141 1935 1204 1990 quae
1221 1936 1273 1990 per
1294 1918 1425 1993 gladium
1451 1924 1536 1980 verbo
1561 1925 1611 1981 Dei
1636 1927 1823 2001 inscriptum,

1000 2023 1034 2062 ac
1060 2006 1144 2062 beate
1174 2006 1316 2080 principis
1346 2010 1545 2081 apestolorum
1574 2014 1650 2070 Petri
1680 2015 1832 2089 legatione.

1000 2092 1175 2163 exhibitum,
1195 2099 1276 2151 tento
1301 2101 1368 2153 ante
1393 2101 1590 2170 praenuntiata
1613 2104 1741 2160 fuerunt.
1768 2106 1825 2163 Sed

1000 2182 1071 2255 quid
1088 2182 1144 2239 sibi
1159 2182 1221 2238 vult
1234 2185 1313 2256 qued
1324 2186 1359 2241 de
1373 2203 1462 2243 manu
1477 2191 1553 2245 tertii
1566 2192 1688 2265 apostoli
1704 2195 1824 2252 tertium

1000 2270 1132 2344 gladium
1147 2273 1302 2344 acceperit,
1318 2291 1385 2329 cum
1401 2275 1430 2330 in
1444 2277 1567 2336 ecclesia
1592 2297 1655 2354 qua
1680 2282 1737 2339 sub
1760 2284 1825 2356 ejus

1001 2360 1119 2416 neeriae
1135 2362 1211 2432 apud
1223 2362 1419 2419 Revecistram
1430 2369 1604 2426 venerabilis
1615 2371 1824 2445 habetur,pcn-

1001 2449 1071 2504 tifex
1095 2466 1280 2523 uequequam
1306 2453 1435 2509 sederit?
1457 2456 1538 2512 Sedit
1562 2458 1646 2531 pleae
1670 2465 1823 2531 potestate,

1001 2538 1056 2592 etsi
1079 2555 1136 2593 nen
1160 2538 1302 2611 corporali
1328 2542 1477 2613 sessieno;
1493 2547 1578 2614 sedit,
1594 2548 1714 2620 iuquam
1740 2553 1825 2621 pote-

1002 2631 1086 2693 state,
1109 2628 1231 2700 imperio
1258 2630 1343 2698 sedit,
1370 2632 1538 2688 defensione
1568 2635 1653 2705 sedit,
1676 2637 1825 2696 beneflciis

1001 2715 1087 2772 sedit.

1002 2813 1132 2871 defututa
1160 2817 1231 2873 inter
1258 2834 1337 2873 ancre
1368 2820 1532 2875 illustretur.
1563 2822 1667 2894 Aquom
1695 2839 1730 2880 ec
1758 2841 1827 2898 rupe

1371 2908 1455 2964 elicit.

1038 2992 1082 3048 33.
1100 2993 1155 3049 Sed
1174 3011 1208 3051 ne
1223 2995 1365 3051 virtutum
1381 2995 1462 3053 illius
1478 2999 1573 3070 gratia
1588 3001 1659 3057 urbs
1669 3002 1826 3060 Centauris

121 3093 152 3147 ο(
163 3090 232 3147 ante
245 3090 375 3147 odonem
391 3107 543 3147 summum
566 3092 761 3148 sacordotjum
783 3093 945 3164 umbrorum
1002 3085 1080 3137 esset
1094 3083 1215 3152 privetu,
1231 3088 1281 3139 aut
1296 3091 1488 3157 augmentum
1504 3090 1631 3160 suscepti
1648 3089 1767 3148 honoris
1782 3091 1826 3148 di·

121 3172 290 3242 „dmm
305 3179 440 3236 Ecclesia,
451 3197 510 3236 Μ
520 3179 656 3236 Christus
666 3181 856 3238 ambitiffimm
868 3183 947 3241 illius
965 3155 986 3224 G
1006 3169 1130 3226 minutio
1139 3173 1289 3243 preterita
1300 3173 1447 3231 videretur
1457 3177 1547 3233 fuisse
1556 3178 1826 3253 virtutis,dignatus

122 3262 313 3341 impediebat.
326 3267 427 3342 ltaque
437 3284 545 3324 rexeos
556 3269 605 3342 qui
617 3269 790 3326 muneribus
802 3273 949 3344 pontificis
1003 3264 1048 3315 esi
1064 3260 1190 3332 Spiritus
1203 3267 1323 3319 54404443
1344 3264 1426 3321 ¹¹⁰Vf⁸
1451 3266 1629 3338 Effibllfldssffl
1652 3246 1752 3342 grafia
1767 3287 1826 3327 ⁵⁰³³

121 3354 253 3430 corrupti
267 3353 393 3425 fuerant,
406 3355 479 3412 nihil
494 3357 813 3429 suspiciens,etobhoc
822 3360 948 3435 simplici

121 3462 173 3503 eos
182 3443 282 3503 anime
292 3445 462 3514 exaudiens,
472 3447 606 3502 orbatam
618 3452 733 3519 pastore
744 3449 904 3507 Ecclesiam
913 3451 951 3508 ei·

121 3534 191 3590 dem
206 3531 329 3590 tradidit
343 3534 576 3606 gubernandam.
593 3535 648 3591 Sed
665 3551 732 3590 cum
749 3537 872 3594 Romam
882 3556 949 3611 pro·

121 3620 217 3680 fectus
232 3621 349 3690 fuisset,
366 3627 399 3679 ut
414 3623 538 3694 pallium
554 3642 571 3680 e
585 3624 653 3679 sede
678 3624 838 3696 apostolica
857 3626 948 3683 susci·

122 3714 216 3786 peret,
231 3710 313 3785 gravi
328 3710 405 3768 inter
414 3710 500 3784 Alpes
511 3711 619 3786 frigore
631 3717 782 3785 correptus
793 3714 898 3770 misere
909 3715 950 3770 in·

122 3798 214 3870 teriit,
231 3799 321 3876 digna
335 3800 393 3858 sibi
412 3800 522 3858 ultione
546 3801 688 3857 divinitus
712 3808 948 3875 recompensata;

122 3889 153 3946 ai
169 3886 221 3963 qui
237 3888 274 3944 ab
289 3904 388 3945 emere
402 3889 566 3946 coelestiem
583 3889 734 3962 friguisset
750 3890 778 3944 in
795 3892 951 3966 corde,per

122 3975 241 4053 frigoris
255 3977 444 4051 asperitatem
459 3978 568 4050 periret
582 3978 612 4033 in
628 3995 757 4050 corpore,
770 3983 799 4035 et
813 3980 862 4052 qui
879 3980 950 4037 alie·

123 4082 179 4124 nos
192 4062 320 4123 honores
334 4066 446 4123 ambire
468 4066 716 4140 presumpsisset,
733 4066 840 4140 ipsein
856 4068 951 4126 aliena

124 4154 243 4230 mene
256 4158 401 4224 mortuus,
416 4155 557 4212 honorem
572 4157 681 4229 paritor
696 4156 824 4213 etvitem
834 4159 949 4215 amitte·

1003 3348 1157 3421 principiis
1165 3350 1308 3406 itavirum
1319 3352 1347 3408 iu
1356 3353 1478 3409 ecclesie
1487 3353 1645 3412 Salvateris
1656 3357 1825 3430 clarificare,

1003 3441 1036 3493 ut
1047 3436 1193 3494 mirabilis
1208 3439 1270 3512 ipae
1285 3445 1366 3497 extra
1380 3441 1509 3498 heminis
1529 3450 1664 3502 naturam
1679 3447 1828 3505 videretur

1003 3540 1077 3582 esse.
1095 3526 1180 3594 Nam,
1197 3544 1263 3584 cum
1280 3528 1327 3585 die
1342 3532 1483 3587 adventus
1493 3533 1540 3588 sui
1551 3534 1645 3606 prime
1656 3536 1748 3593 sacris
1758 3537 1829 3593 alta·

1004 3613 1087 3670 ribus
1113 3616 1272 3686 assisteret,
1289 3622 1318 3673 et
1342 3619 1451 3690 populo
1474 3620 1524 3675 Dei
1548 3622 1695 3679 vivificam
1720 3642 1825 3696 panem

1003 3702 1206 3759 distribuendo
1240 3706 1410 3780 porrigeret,
1440 3713 1559 3780 repente
1589 3715 1722 3768 contecta
1749 3715 1827 3771 nube

1003 3791 1102 3858 deme,
1118 3791 1254 3849 columba
1270 3795 1299 3849 in
1311 3795 1437 3851 Jordane
1454 3797 1597 3854 elcanae
1611 3799 1680 3855 elim
1696 3801 1758 3858 visa
1773 3802 1825 3858 ite·

1004 3896 1071 3935 rum
1086 3882 1222 3953 apparuit
1235 3885 1310 3951 (Luc.
1328 3901 1369 3949 ur,
1386 3884 1441 3956 22),
1459 3902 1692 3960 quaqueusque
1712 3890 1826 3949 sacrifi-

1003 3969 1083 4025 cium
1098 3975 1175 4026 essct
1188 3977 1396 4045 consumptum
1413 3990 1501 4045 super
1516 3973 1599 4031 illum
1617 3978 1825 4035 mansitcum-

1004 4075 1061 4130 que
1075 4064 1283 4132 consumptam
1294 4065 1372 4117 esset
1382 4062 1571 4132 sacrificium,
1585 4067 1728 4138 requievit
1737 4085 1828 4142 supra

1004 4149 1176 4204 memoriam
1192 4149 1268 4205 beati
1283 4148 1402 4220 Odonis,
1420 4168 1483 4223 que
1494 4153 1530 4207 ad
1541 4154 1702 4211 austratem
1713 4162 1827 4229 partem

123 4247 179 4317 nt,
194 4242 714 4318 lurumpreoegdearchiepiscopare
725 4245 877 4303 onustam)
888 4248 950 4304 sun.
1004 4237 1105 4293 ulmeis
1121 4236 1151 4293 in
1167 4239 1287 4294 modum
1303 4240 1464 4313 pyramidis
1479 4245 1627 4298 exstructa
1638 4244 1693 4300 fuit
1705 4262 1712 4300 :
1724 4263 1759 4301 ex
1769 4264 1828 4319 qua

122 4326 246 4406 daliter,
260 4328 317 4390 'nee
332 4332 494 4407 quidquam
510 4334 540 4389 in
555 4333 745 4391 animantius
758 4336 951 4392 confessionis
1005 4326 1052 4383 die
1067 4326 1107 4383 ita
1121 4328 1250 4399 pontifex
1266 4329 1403 4385 meritum
1419 4330 1552 4401 ejusdem
1570 4332 1699 4389 hominis
1714 4335 1764 4391 Dei
1781 4351 1828 4392 re-

122 4404 294 4495 operantur.
309 4422 492 4495 Quapropter
510 4420 650 4496 deligitur
665 4422 701 4477 ad
718 4423 950 4494 patriarchatum
1003 4418 1114 4472 veritus
1134 4422 1191 4486 est,
1205 4424 1239 4474 ut
1262 4437 1415 4492 nunquam
1438 4421 1627 4493 pertransiret
1652 4422 1708 4479 nisi
1733 4429 1830 4498 genua

122 4507 346 4568 hommensis
364 4509 498 4566 Ecclesia
514 4510 701 4567 Berthelinus
724 4512 950 4570 Derseceesium
965 4524 990 4591 ῃ
1005 4506 1142 4576 flecteret,
1157 4508 1325 4581 bonumque
1341 4508 1425 4565 illum
1440 4515 1564 4579 vocaret,
1583 4510 1623 4566 ite
1636 4511 1737 4569 dicens
1754 4529 1760 4568 :
1777 4513 1829 4571 Hie

122 4593 292 4675 episeopus,
309 4598 398 4656 bomo
415 4600 598 4657 mansuetior
621 4617 711 4673 quem
737 4601 907 4672 industrior,
923 4607 952 4660 et
1006 4595 1163 4667 requiescit
1177 4596 1238 4653 Ode
1252 4597 1357 4654 bonus.

122 4685 176 4762 qui
190 4703 252 4744 sue
266 4687 363 4761 magis
378 4704 467 4761 quam
482 4686 583 4745 aliene
598 4688 663 4743 vite
679 4692 779 4745 nasset
788 4689 949 4746 consulere,
1040 4685 1086 4739 34.
1102 4683 1247 4741 Paridem
1261 4689 1379 4759 tempus
1390 4687 1510 4759 quidam
1522 4705 1648 4762 maguus
1657 4688 1831 4748 videlicetet

122 4775 152 4834 Β
165 4778 236 4849 pest
248 4791 358 4849 paucas
372 4774 501 4849 suseepti
515 4776 704 4848 pontificatus
726 4776 798 4846 dies,
815 4778 951 4852 cognitus
1005 4777 1109 4844 petens
1125 4773 1266 4830 Salveteri
1282 4775 1435 4832 odientem
1458 4777 1605 4846 instituit;
1622 4779 1658 4834 ad
1676 4784 1764 4851 qu'am
1780 4795 1829 4836 sa-

121 4856 205 4939 qn'ed
218 4862 257 4921 ad
271 4867 386 4920 matam
401 4880 464 4921 rem
480 4864 580 4920 minus
591 4868 669 4921 essct
679 4864 952 4938 idoneus,jassusa
1005 4861 1156 4928 orandam,
1172 4866 1201 4918 et
1212 4863 1279 4934 Jure
1294 4863 1411 4936 proprie
1426 4865 1634 4936 possidendam
1655 4868 1830 4924 venerabilis

122 4957 237 5028 regest
250 4951 331 5008 omni
345 4952 465 5026 populo,
483 4952 640 5008 cantuaria
658 4953 793 5022 discedit,
811 4959 899 5028 atque
914 4955 950 5011 ad
1005 4951 1135 5023 pontifex
1150 4952 1320 5008 Dunstenus
1335 4952 1475 5009 invitatus
1490 4955 1623 5011 accessit.
1640 4956 1694 5012 Ubi
1710 4973 1777 5012 cara
1793 4959 1829 5015 ed

122 5041 259 5100 relictam
275 5059 369 5114 nuper
382 5042 544 5098 Ecclesiam
560 5059 644 5098 suam
661 5060 718 5097 eeu
734 5043 798 5098 siae
812 5060 950 5101 verecun-
1006 5040 1202 5096 ministerium
1219 5040 1411 5097 dedicationis
1422 5059 1499 5113 aque
1509 5045 1660 5113 defuisset,
1670 5063 1704 5100 ac
1714 5063 1766 5118 per
1776 5047 1830 5103 bec

172 5157 219 5228 44)
235 5155 297 5213 liae
308 5157 458 5229 pertinent
474 5156 609 5213 Willelmi
626 5157 713 5213 verba
724 5157 754 5213 in
768 5157 877 5214 Odene.
1027 5171 1094 5210 uam
1110 5154 1175 5211 aliis
1191 5156 1362 5213 auctoribus
1378 5157 1407 5211 iu
1424 5155 1622 5214 OdenisActis
1634 5161 1827 5231 praetulimus.

125 5250 142 5280 ι
203 5226 952 5301 antalamautemesttestimoniumquodeiperhi·
1005 5172 1412 5308 Sepullieectemsuprain
1430 5228 1636 5286 Observatieae
1654 5232 1733 5314 ta..
1771 5303 1776 5314 .

123 5299 487 5372 caesareaeque
511 5300 582 5355 dicit
603 5317 654 5372 pre
680 5299 835 5355 sanctitate
855 5305 952 5357 suaet
1042 5299 1097 5367 (46)
1114 5297 1144 5353 Β.
1161 5298 1244 5354 adde
1259 5298 1409 5354 Dunstano
1425 5305 1622 5356 commeatum
1644 5302 1680 5356 ob
1696 5319 1828 5382 'nimiam

124 5370 681 5443 indestriaabemniduglorumorbe
704 5387 818 5442 semper
842 5371 950 5428 deffen-
1003 5369 1174 5424 victualium
1203 5371 1412 5443 erogationem,
1440 5372 1468 5427 in
1494 5372 1828 5440 itiner-edefecrssc,s0d

123 5442 197 5500 dum
212 5441 271 5498 nisi
286 5442 458 5499 Dunstanus
472 5443 673 5499 successisset,
691 5467 704 5491 s
1005 5444 1208 5497 murmurante
1224 5447 1418 5514 procuratore,
1436 5444 1572 5500 abbatom
1588 5444 1745 5515 quemdam
1762 5445 1830 5512 sub-

158 5515 219 5583 (45)
232 5513 317 5570 duee
329 5515 381 5570 964
398 5514 528 5571 edonem
544 5519 705 5581 mertuum,
722 5520 750 5570 et
764 5513 950 5570 Dunstanum
1004 5511 1128 5568 venisse.
1579 5525 1588 5534 ·

123 5584 150 5642 ai
166 5585 361 5660 subrogatum
377 5586 468 5643 fuisse
483 5586 566 5641 docet
590 5586 783 5659 chronologia
797 5585 949 5654 Senoniae,
