3900 6090
129 308 190 368 aas
636 304 687 368 ou
708 306 947 368 tuvnnrronn
969 296 1219 386 sancro'nuu,
1241 314 1326 376 nro.
1774 319 1833 380 sce

130 440 330 495 consessorem
340 438 527 493 Enrroruuex
541 437 704 510 Marsorum
716 438 862 509 provincia
878 455 956 493 sum·
974 440 1001 504 A
1016 441 1095 495 rium
1112 442 1250 508 Tiberim,
1268 445 1317 516 qui
1333 444 1372 501 ibi
1390 447 1528 502 mediocri
1543 446 1607 503 valo
1623 449 1833 520 praeterfluens,

130 529 200 602 psit,
212 527 390 583 concedente
404 526 530 592 Albrico,
547 526 641 596 ipsius
652 527 957 599 Marsiaecpiscopo,ex
1012 529 1057 583 sui
1069 530 1171 586 exinde
1188 550 1281 605 usquo
1296 534 1332 590 ad
1350 534 1451 590 urbem
1465 535 1587 592 Romam
1602 536 1696 609 pelagi
1711 537 1835 610 prolun-

129 619 260 690 qundam
276 615 399 671 ecclesia
413 612 475 671 sodi
491 615 648 687 episcopali
665 617 795 687 proxima
811 633 817 670 :
836 633 899 687 que
915 633 957 671 se
1011 614 1101 670 ditate
1116 622 1249 690 augetur.
1267 620 1324 676 Hoc
1341 621 1474 693 sepulcro
1489 624 1636 693 quondam
1657 638 1742 697 opera
1758 642 1836 684 mar·

128 708 181 762 des
197 721 287 778 super
301 704 399 760 lacum
416 704 560 759 Fucinum
579 705 647 768 sita,
670 705 742 776 qnid
764 704 833 760 olim
858 704 954 772 luerit,
1011 718 1166 777 marcoque
1181 713 1297 776 ornatu,
1317 714 1351 765 ut
1371 711 1462 772 videri
1489 711 1625 781 dabatur,
1641 717 1835 786 exstructum,

128 796 222 850 ruina
237 794 319 849 urbis
344 798 373 849 ot
396 793 591 866 plurimarum
617 793 695 847 eirca
717 792 905 848 ecclesiarum
923 810 956 847 ae
1011 793 1061 848 sed
1077 797 1147 850 tnnc
1161 801 1305 852 vetustate
1321 797 1494 871 collapsum,
1512 801 1649 874 martyris
1663 803 1772 877 egregii
1787 806 1838 862 As·

129 883 377 940 monasteriorum
404 881 567 954 frequentia
583 885 749 936 attestatur.
766 881 849 936 Hunc
871 881 956 937 nobis
1010 879 1162 952 clepiodoti
1180 886 1529 944 membrai'cnerabiliter
1552 888 1675 946 humata
1697 892 1837 961 tenebat,

129 975 193 1045 ipse
209 973 364 1047 episcopus
377 971 532 1042 caeterique
553 970 652 1025 incolae
677 969 849 1038 retulerunt,
864 971 955 1026 luisse

128 1080 163 1119 ex
179 1062 301 1135 collegio
313 1060 508 1133 quarumdam
524 1076 673 1114 serrorum
690 1058 807 1130 Ilei,qui
824 1064 955 1130 tompore

128 1152 296 1223 antiquiore
311 1168 345 1205 ex
360 1149 493 1222 partibus
504 1149 756 1215 Graciamnmero
768 1148 955 1220 septuaginta

127 1241 157 1296 in
173 1239 308 1297 eamdem
324 1239 486 1294 Marsorum
507 1237 687 1310 provinciam
703 1237 904 1306 stimulantes,
920 1252 954 1291 ac

1010 971 1096 1040 eujus
1110 973 1254 1042 tumbam,
1272 974 1337 1028 sorti
1354 974 1442 1030 nimis
1455 991 1598 1032 saxonum
1613 983 1641 1032 et
1656 981 1738 1032 terras
1763 997 1835 1035 con-

1009 1059 1087 1130 gerie
1102 1059 1264 1129 obclusam,
1280 1063 1350 1117 dum
1367 1080 1435 1118 eum
1451 1081 1558 1137 magna
1573 1065 1691 1120 tandem
1707 1067 1833 1124 difficul-

1008 1150 1067 1202 tate
1096 1149 1227 1218 Theuda,
1259 1151 1406 1220 Oertraus,
1436 1152 1604 1210 ltutbardus
1638 1160 1831 1228 penetratam,

1009 1252 1154 1293 marmore
1170 1243 1271 1294 saneto
1289 1240 1402 1312 corpori
1427 1241 1613 1313 proximiore,
1628 1245 1833 1315 mandassent,

127 1329 253 1385 diversis
268 1326 573 1399 circumquaqucloeis
583 1325 800 1381 velaivitatibns
810 1324 953 1381 universis

127 1416 311 1474 mirabilium
327 1417 478 1490 signorum
494 1413 606 1470 lumine
622 1413 953 1487 l'ulgontes,nbieunque

1007 1325 1404 1401 inveniunlmonumentnm,
1422 1330 1480 1386 imo
1496 1348 1589 1403 usquc
1604 1333 1832 1403 profundumdi-

1008 1414 1143 1470 missum.
1160 1418 1196 1471 nt
1211 1435 1261 1490 per
1276 1419 1405 1475 medium
1422 1436 1438 1476 a
1454 1422 1547 1492 capite
1563 1438 1657 1494 usquc
1672 1422 1708 1477 ad
1730 1423 1830 1496 pedes,

127 1507 156 1562 in
174 1511 279 1562 sancta
293 1503 511 1561 couversatione
527 1503 594 1558 tlnis
608 1503 672 1558 rite
689 1503 845 1558 advenerat
863 1518 951 1557 vene·
1007 1504 1134 1575 quodam
1150 1504 1254 1576 limite,
1270 1523 1305 1562 ex
1319 1507 1383 1580 ipso
1398 1507 1571 1564 naturaliter
1585 1513 1745 1584 saxoqnasi
1757 1514 1829 1570 divi-

125 1595 212 1652 rabili
227 1594 380 1669 sepultura
396 1593 548 1660 reconditi,
566 1592 660 1647 nrulta
680 1592 841 1646 vicinorum
866 1590 951 1663 louge
1006 1609 1083 1661 sum,
1097 1595 1173 1666 quod
1185 1599 1282 1651 tannen
1296 1595 1465 1670 diligentias
1476 1599 1753 1670 inspectam,unum
1765 1619 1830 1660 oon-

123 1686 242 1757 lateque
256 1685 424 1748 reverentia,
434 1700 484 1755 pro
500 1683 620 1738 assidua
635 1681 842 1737 miraculorum
846 1681 951 1751 jucun·
1007 1682 1160 1755 linumque
1174 1685 1337 1740 constabat.
1355 1685 1434 1740 Beati
1454 1704 1518 1741 vore
1541 1689 1671 1760 corporis
1698 1691 1829 1749 medium

123 1775 216 1830 ditate
232 1773 378 1829 coluntur.
396 1773 506 1828 Horum
527 1777 596 1838 tres,
623 1788 749 1843 quorum
774 1771 820 1826 bie
847 1771 950 1826 tertius
1005 1769 1084 1839 hinc,
1111 1761 1241 1826 medium
1265 1772 1357 1840 illino,
1383 1775 1524 1830 membris
1539 1775 1714 1834 altrinsecus
1735 1797 1828 1836 unum

122 1864 189 1930 tuit,
207 1864 237 1918 iu
253 1863 356 1919 eodem
372 1851 539 1917 coem'otcrio
555 1859 756 1932 quiescebant,
777 1861 949 1915 Cantenna-
964 1820 989 1885 B
1005 1864 1105 1914 contra
1120 1859 1246 1916 alterurn
1263 1860 1414 1934 appositis,
1430 1868 1549 1936 excepto
1564 1866 1659 1939 capite
1673 1867 1735 1923 solo
1750 1871 1828 1941 qnod

120 1969 182 2021 rue,
199 1953 374 2019 Eumenius,
390 1955 419 2006 ct
443 1949 491 2005 bic
506 1950 655 2004 Earroius.
673 1948 759 2003 Porro
775 1948 949 2020 Eutychium
1004 1947 1033 2001 in
1050 1965 1138 2004 unam
1159 1950 1304 2022 integram
1329 1953 1442 2022 partem
1460 1952 1578 2024 jacebat
1602 1953 1828 2029 diligentissime

122 2043 284 2114 imperator
298 2039 469 2106 sustulerat,
477 2043 506 2093 ot
519 2055 556 2093 ae
571 2038 665 2110 quain
676 2037 949 2109 accipiendopossct
1004 2035 1255 2094 collocatum.Hoe
1270 2038 1394 2094 aedituus
1410 2043 1438 2094 ot
1448 2038 1552 2113 reliqui
1567 2042 1711 2113 dixerunt,
1719 2045 1827 2105 indicio

121 2130 256 2188 adbiberi
273 2125 541 2199 fallacia,sepulcro
556 2125 948 2198 intacto,satisquemunito,
1002 2124 1129 2181 valuisse
1144 2127 1349 2198 antiquitatem
1366 2128 1572 2202 signare,quod
1589 2136 1617 2187 et
1632 2133 1688 2205 ipsi
1702 2151 1768 2191 vere
1783 2153 1827 2193 as·

122 2234 173 2274 nac
190 2235 208 2273 a
223 2217 270 2273 dio
287 2215 473 2289 repositionis
489 2214 549 2270 ulla
563 2213 730 2269 violationis
746 2212 831 2285 signa
850 2230 948 2268 mons·
1003 2215 1169 2282 servabant,
1186 2217 1321 2271 eumdem
1338 2221 1495 2290 martyrem
1511 2219 1620 2275 crudeli
1637 2237 1741 2294 genere
1755 2240 1826 2297 pas·

121 2311 226 2375 trante,
244 2306 415 2380 priusquam
431 2303 579 2376 abaliquo
594 2302 786 2359 incolentium
802 2303 949 2375 prescire·
1003 2301 1104 2371 sionis,
1121 2303 1217 2359 medio
1231 2322 1350 2378 corporo
1364 2307 1461 2361 rivum
1477 2312 1636 2378 exsectum,
1653 2311 1737 2384 eique
1753 2316 1824 2370 atte-

121 2401 180 2465 tur,
197 2396 334 2470 episcopo
350 2399 464 2451 tautum
478 2393 641 2459 Albrico,et
652 2392 826 2464 paucisojus
837 2390 949 2447 clericis
1003 2391 1114 2447 stando
1130 2393 1169 2448 ita
1183 2394 1212 2448 in
1233 2397 1422 2450 monumento
1447 2394 1563 2453 dividuo
1586 2400 1726 2470 positum.
1743 2402 1826 2460 Hunc

122 2485 345 2553 assistentibus,
358 2483 508 2556 presbyter
523 2487 623 2538 noster
638 2481 822 2549 Tendo,oum
834 2480 950 2553 presby·
1004 2481 1112 2551 pariter
1126 2481 1224 2555 dignu,
1241 2486 1273 2537 ut
1288 2500 1341 2554 par
1356 2484 1460 2551 luerat,
1477 2484 1587 2540 honoro
1611 2487 1762 2546 sublatum
1786 2510 1824 2548 vn

121 2579 184 2632 tero
200 2574 386 2647 imperatoris
402 2572 683 2640 Heriwardo,aream
694 2570 880 2642 sancti,quod
891 2569 949 2624 nisi
1003 2568 1067 2624 Kal.
1083 2570 1217 2625 Octobris
1240 2571 1415 2627 venerabilis
1435 2573 1564 2644 pontifex
1586 2576 1725 2649 suscepit.
1742 2577 1825 2636 Diem

121 2663 208 2721 altari
224 2664 352 2735 desuper
365 2661 483 2717 effracto
500 2661 701 2733 nequiverant,
714 2659 864 2732 aperiunt;
881 2658 949 2730 ipsi·
1004 2657 1110 2713 natalis
1122 2659 1186 2731 ejus
1194 2659 1231 2713 ab
1240 2658 1344 2714 ineolis
1358 2669 1385 2714 tx
1396 2660 1458 2716 Kal.
1470 2661 1641 2719 Novembris
1656 2665 1824 2723 didicimus.

121 2772 178 2828 que
189 2767 409 2826 persacraossa
420 2751 485 2804 miri
497 2749 702 2817 candoris,nee
715 2749 815 2804 minus
826 2748 949 2820 flagrari·
1003 2746 1076 2802 Nam
1092 2751 1174 2819 gesta
1188 2748 1251 2818 ejus
1273 2747 1393 2803 minime
1417 2748 1452 2804 ab
1477 2749 1613 2823 episeopo
1637 2753 1673 2808 de
1697 2753 1772 2823 Cisa,
1789 2756 1825 2811 ad

121 2845 160 2900 tis
183 2841 293 2909 odoris,
319 2840 420 2896 omnia
444 2856 566 2895 numero
592 2856 624 2893 ue
641 2839 805 2910 quantitate
821 2836 946 2909 integra,
1003 2851 1089 2905 quent
1105 2832 1187 2890 locus
1202 2835 1375 2906 pertinebat,
1392 2836 1541 2908 quivimus
1556 2844 1735 2913 extorquere·

119 2933 280 3006 excipiunt,
298 2929 464 3001 scrinioque
481 2929 655 2984 recondunt.
674 2927 778 2999 (liujus
798 2927 875 2982 diem
901 2943 948 2981 xvi

118 3021 319 3080 Kalendarum
333 3019 504 3076 Octobrium
520 3018 665 3073 celebrem
681 3015 847 3086 habemus.)

210 3111 248 3166 lle
262 3110 363 3165 sanctis
378 3108 520 3181 Eutychio,
546 3107 679 3163 Victorino
693 3114 719 3160 ct
732 3105 852 3160 Marone.

1060 2924 1097 2978 lte
1110 2931 1203 2979 sanctu
1217 2925 1318 2979 Serena
1332 2933 1358 2980 et
1371 2933 1462 2981 saneto
1478 2926 1605 3000 Grepario
1619 2929 1766 3002 Spoletina.

1038 3013 1230 3068 sanctissima
1244 3013 1324 3086 virgo
1341 3014 1454 3070 Sanane
1468 3017 1546 3087 apud
1562 3016 1713 3089 Spoletum
1725 3019 1754 3076 in
1766 3038 1826 3078 mo·

1003 3100 1128 3156 nestorio
1144 3101 1237 3157 sancti
1253 3101 1390 3174 martyris
1405 3103 1513 3172 Savini,
1530 3105 1601 3161 toris
1617 3111 1823 3180 murosurbis,

154 3199 284 3256 Veniens
299 3196 430 3270 proxime
444 3196 551 3251 abhinc
568 3196 597 3249 in
623 3194 800 3250 territorium
817 3193 944 3248 mutter·-
961 3188 982 3254 C
1002 3190 1049 3244 ubi
1067 3194 1096 3244 et
1111 3188 1247 3261 pluribus
1262 3189 1411 3246 miraculis
1426 3195 1608 3263 coruscabat,
1616 3196 1824 3267 quieverat.Ad

118 3289 196 3346 nino
211 3287 303 3356 urbis,
316 3304 380 3359 quea
394 3290 423 3341 et
439 3285 504 3358 ipsa
519 3284 620 3339 ruinas
636 3288 752 3338 tantum
768 3281 945 3349 ostendit,ab

116 3378 222 3436 codem
236 3376 352 3432 albrico
362 3375 498 3447 episcopo
513 3373 549 3429 de
558 3372 747 3439 monasteria,
756 3389 816 3428 suae
827 3370 947 3426 ditionis

119 3469 218 3525 Reate
237 3465 381 3538 subjecto,
406 3462 655 3536 pretiosissimum
681 3467 840 3533 martyrem
854 3460 946 3514 Euru-

120 3571 215 3615 oennu
230 3554 443 3627 accepit,cujus
458 3550 535 3608 beati
547 3550 618 3606 socii
633 3550 784 3605 Vrcromm
796 3549 859 3619 jam
870 3565 947 3605 anno

120 3644 273 3720 superiore
295 3641 435 3714 reliquias
460 3644 581 3706 emerat,
605 3637 752 3710 simulque
781 3642 810 3693 et
834 3641 947 3708 partem

120 3734 217 3792 sancti
231 3732 366 3789 Maeonis
381 3730 491 3803 pariter
509 3728 599 3802 passi,
617 3744 743 3800 quorum
758 3730 787 3782 et
803 3725 865 3781 loca
881 3742 946 3797 pas-

120 3824 215 3881 sionis
226 3820 406 3894 aspeximus,
420 3824 450 3875 et
465 3818 544 3890 ipsas
559 3833 652 3887 aquas
667 3815 775 3871 (totilas
791 3814 829 3887 (at
844 3814 948 3882 emtu-

120 3913 226 3981 tiliasl,
242 3909 318 3967 tado
334 3910 421 3965 odoro
437 3906 631 3980 spirantes,in
647 3904 755 3977 quibus
765 3903 948 3975 rorsocapita

119 4016 284 4076 suspensus
294 3999 389 4055 luerat
398 4001 519 4071 martyr.
527 3995 695 4053 Passionem
707 3994 834 4066 donique
846 4010 947 4049 eorum

119 4091 231 4163 scripta
246 4088 372 4144 retinent
386 4090 555 4143 sanctorum
571 4085 654 4141 Nerei
671 4087 699 4140 et
710 4082 851 4139 Achillei:
869 4082 948 4138 hunc

119 4182 182 4255 ipse
196 4177 372 4236 venerabilis
388 4178 515 4233 domnus
530 4174 728 4231 Theodericus
744 4173 853 4228 ibidem
873 4173 946 4228 assi·

118 4276 212 4338 stans,
228 4285 264 4325 ex
277 4268 342 4341 ipsa
356 4283 424 4322 arca
439 4280 585 4322 marmore
610 4262 722 4319 sortiter
733 4261 858 4330 munita,
873 4261 948 4318 mira

1001 3295 1090 3349 quam
1106 3296 1178 3350 pene
1193 3278 1323 3352 quotidie
1343 3296 1469 3354 magnus
1494 3282 1669 3355 popularum
1691 3287 1825 3344 veniebat

1001 3383 1172 3435 concursus,
1198 3368 1240 3423 ila
1264 3373 1297 3425 ut
1318 3374 1417 3425 noctes
1437 3387 1554 3442 quaque
1570 3374 1723 3448 previgiles
1737 3377 1826 3434 turba

1002 3471 1069 3510 cum
1084 3455 1212 3512 lucernis
1228 3457 1400 3529 caterisque
1422 3458 1552 3516 donariis
1576 3460 1616 3516 ibi
1641 3470 1823 3537 peragerent.

1002 3544 1082 3599 Hanc
1098 3561 1212 3616 qnoque
1227 3561 1294 3601 cam
1319 3545 1443 3620 integris
1467 3552 1527 3603 toto
1552 3566 1672 3623 corpore
1696 3554 1824 3625 ossibus,

1002 3632 1093 3689 misso
1104 3633 1173 3689 illuc
1184 3634 1330 3691 llothardo
1341 3635 1463 3692 diacono
1473 3652 1541 3693 cum
1550 3638 1616 3695 aliis
1626 3641 1682 3696 sibi
1690 3641 1826 3701 fidelibus

1001 3723 1081 3790 viris,
1098 3721 1272 3778 venerabilis
1288 3723 1418 3795 pontifex
1433 3730 1511 3781 esset
1525 3727 1669 3799 adeptus;
1686 3730 1827 3804 reliquias

1003 3828 1117 3884 quoquc
1133 3812 1209 3867 beati
1225 3813 1362 3886 martyris
1383 3813 1523 3870 Gnaeonu
1550 3816 1692 3888 Spoletini
1718 3820 1827 3879 ibidem

1002 3899 1138 3967 obtinuit,
1162 3901 1248 3973 eujus
1273 3900 1370 3972 passio
1395 3902 1505 3975 scripta
1529 3907 1585 3959 ost.
1602 3904 1696 3963 Beata
1715 3908 1828 3966 Serene

1002 3988 1198 4062 praeterquod
1213 3988 1244 4045 in
1259 3989 1396 4061 passione
1412 3990 1505 4046 sancti
1529 3992 1627 4049 Savini
1652 3996 1826 4070 reperimus,

1002 4094 1066 4134 eam
1081 4077 1179 4149 ipsum
1194 4078 1313 4134 beatum
1328 4083 1486 4152 martyrem
1502 4081 1829 4159 tumulasse,uihilplus

1001 4172 1151 4240 gestorum
1175 4166 1341 4240 perquirere
1365 4168 1540 4240 potuimus:
1565 4187 1631 4244 qno
1649 4176 1749 4231 tamon
1765 4179 1826 4231 tam

1002 4256 1131 4313 assiduis
1147 4273 1178 4311 so
1192 4256 1335 4312 virtutum
1347 4257 1533 4313 commendat
1542 4259 1827 4334 insignibus,utviva

119 4376 187 4417 cum
203 4357 397 4414 exsultatione
413 4372 445 4411 ao
464 4354 648 4411 veneratione
671 4351 784 4424 excepit
807 4368 856 4406 viu
882 4348 945 4406 Kal.
1002 4345 1108 4400 harum
1124 4344 1246 4400 lectione
1261 4344 1354 4400 oculis
1369 4346 1483 4416 oblecta
1497 4352 1647 4418 gestarum
1664 4349 1824 4407 attestatio·

118 4447 266 4506 Octobris.
283 4445 341 4502 llos
360 4445 435 4501 duos
458 4441 640 4498 Adhelardus
666 4440 746 4495 tllins
770 4439 890 4495 Gerardi
916 4440 946 4495 in
1002 4450 1048 4502 ue,
1066 4434 1136 4506 quid
1153 4434 1240 4489 suerit
1257 4434 1286 4488 in
1301 4434 1361 4490 vila
1376 4451 1433 4490 non
1450 4439 1543 4507 egeat.
1560 4436 1628 4492 Dios
1651 4437 1715 4508 ejus
1734 4442 1823 4496 xKa·

119 4538 247 4612 patriam
263 4534 431 4608 asportavit.
963 4557 986 4622 D
1002 4522 1154 4578 landarum
1170 4521 1386 4591 Decembrium,
1394 4521 1496 4578 codem
1506 4539 1564 4594 quo
1580 4527 1609 4578 et
1624 4524 1823 4582 sanetiSavini

228 4626 266 4682 lle
279 4632 369 4680 sancte
383 4623 520 4680 Feliciano
534 4622 657 4693 episcope
671 4628 697 4676 ct
707 4626 839 4691 utartyre.
1002 4611 1149 4684 martyris,
1166 4609 1338 4667 celebratur.

157 4713 300 4781 Fulinias,
317 4716 447 4767 oastmm
463 4728 520 4766 uon
538 4709 638 4783 procul
655 4727 671 4765 a
686 4708 948 4781 Spumantem·
1205 4699 1391 4756 licostenes.
1408 4701 1483 4755 Petri
1495 4700 1620 4771 apostoli.

120 4797 948 4875 rinsmagnoundecunqueconcursuhominumallluente
1038 4794 1118 4847 luter
1132 4791 1193 4846 bae
1209 4791 1330 4845 bornam
1348 4788 1438 4844 misso
1458 4788 1595 4859 praedicto
1620 4789 1742 4846 diacono
1767 4791 1825 4847 llo-

120 4909 241 4968 corpore
256 4908 339 4946 sacro
354 4890 513 4955 tutabatur,
532 4905 599 4943 eum
616 4885 792 4943 Benedictus
814 4886 947 4956 ejusdem
1003 4881 1119 4946 tbardo,
1134 4881 1210 4935 douo
1225 4878 1323 4933 domni
1342 4894 1423 4949 papae
1438 4876 1571 4945 loannis,
1589 4879 1639 4950 qui
1655 4881 1761 4936 tertius
1776 4881 1826 4937 de·

121 4973 948 5050 Paliniensiscastriepiseopus,multocumtletulargitur
1003 4969 1097 5024 cimus
1113 4970 1142 5023 in
1158 4986 1191 5023 eo
1206 4967 1323 5022 nominc
1338 4970 1531 5037 erat,partem
1548 4984 1605 5021 non
1622 4969 1767 5025 modicam
1780 4987 1827 5026 ca-

120 5088 171 5144 per
186 5072 340 5126 Bcrtraum
356 5068 512 5123 diaconum
528 5071 557 5122 et
576 5065 780 5120 Heriwardum
798 5064 946 5135 presbyte·
1002 5064 1075 5115 lenm
1086 5057 1161 5112 beati
1179 5055 1253 5111 Petri
1270 5055 1298 5108 in
1315 5052 1436 5108 basilica
1453 5055 1677 5124 quadicitnrad
1693 5057 1827 5128 Vincula,

121 5178 184 5217 rum
200 5178 231 5216 ιν
247 5160 345 5215 Nonas
360 5157 505 5224 Octobris,
523 5173 557 5211 ex
572 5155 675 5211 intimo
692 5155 754 5226 ipso
779 5157 864 5208 antro
885 5168 950 5206 sus·
1006 5148 1138 5203 eamdem
1154 5144 1316 5217 portionem
1332 5146 1495 5211 exsecante,
1511 5147 1673 5216 promeruit
1689 5164 1696 5201 ε
1712 5164 1780 5204 cum
1795 5165 1831 5204 ea

121 5249 244 5306 tollitur.
264 5248 364 5304 Passio
379 5248 443 5319 ojus
459 5245 673 5317 descriptaest.
1006 5252 1121 5310 quoque
1146 5232 1329 5306 privilegium
1355 5233 1526 5288 monasterii
1556 5236 1650 5292 sancti
1673 5235 1828 5306 Vincentii,

293 5337 437 5392 Occancto
453 5332 634 5405 Asclepiodoto
648 5339 780 5403 martyre.
1006 5342 1073 5381 eum
1099 5319 1257 5377 dalmatica
1281 5323 1310 5373 et
1335 5319 1477 5375 sandaliis
1503 5322 1600 5378 abbati
1626 5325 1759 5396 oJusdem
1775 5323 1831 5381 loci

156 5429 188 5484 ln
204 5425 285 5482 saltu
300 5427 352 5498 qui
368 5424 457 5481 Collis
482 5423 600 5490 dicitur,
618 5421 667 5493 qui
687 5418 812 5475 Perusiae
837 5419 952 5491 adjacet
1006 5412 1164 5488 apostoliea
1197 5410 1388 5482 prerogativa
1412 5412 1570 5482 concessis,
1596 5414 1673 5470 idem
1703 5416 1831 5472 domnus

125 5516 247 5583 civitati,
260 5514 310 5569 ubi
327 5518 396 5568 tunc
411 5513 572 5585 imperator
587 5506 750 5564 autumnali
764 5507 952 5562 exercebatur
1004 5521 1081 5577 papa
1096 5500 1210 5558 direxit.
1228 5500 1293 5556 llaec
1309 5501 1408 5556 omnia
1421 5502 1594 5562 Adelbertus
1620 5504 1744 5565 clericus
1763 5519 1831 5566 oum

124 5603 465 5676 renatu,n10nasterium
474 5604 536 5660 erat
551 5596 793 5676 antiquissimum
804 5595 952 5672 superlin-
1007 5595 1122 5655 Conone
1134 5590 1249 5664 comite,
1266 5589 1428 5649 transtulit.
