3900 6090
136 310 194 370 263

566 311 728 374 tonante
753 309 919 371 aaaa'rls
943 310 974 368 S.
998 306 1171 371 Altanum
1196 309 1401 373 barenste.

1780 312 1840 373 264

185 442 336 516 itimisque
352 444 500 516 suffragiis
517 443 545 496 iu
562 460 650 498 sacrae
666 443 806 497 Metensis
817 440 960 497 cathedre
973 440 1001 507 A
1017 447 1075 496 tem
1092 442 1317 499 occidentalium
1330 446 1458 515 partium
1471 444 1640 513 Lndovvico,
1653 444 1712 500 filio
1729 440 1838 511 linroli,

151 532 319 590 ontillcium
336 531 662 604 Dominofpromovcnte
679 528 855 586 sustollitur.

162 621 206 677 41.
227 620 322 693 Cujus
338 617 482 693 deinceps
492 624 575 676 actus
592 617 627 676 de
642 619 688 675 die
704 614 733 675 iu
750 618 828 674 diem
845 616 958 674 felicius

128 708 320 782 procedentes
336 713 369 765 nt
384 709 500 766 Christo
517 709 589 767 [lucc
608 707 818 779 succreverint,
834 710 863 764 et
879 711 911 763 ut
927 705 957 762 in

125 799 344 855 monasterinm
360 786 512 872 'praecipue
535 798 717 872 reparatione
733 799 807 868 (375)
825 797 957 854 studium

124 904 182 962 pre
194 889 311 945 cunctis
322 887 529 955 transfuderit,
540 904 722 961 nequaqnam
734 887 812 944 brevi
823 898 957 945 sermone

124 977 232 1050 stringi
243 977 400 1050 quisquam
411 978 662 1050 quesierit,ueqne
671 976 744 1034 milri
755 975 821 1045 id,si
832 975 955 1060 sapiam,

123 1084 263 1139 arrogare
277 1069 566 1140 presumpserunt
576 1072 653 1121 certe
664 1082 710 1121 res
723 1065 787 1138 ipsa
796 1066 837 1121 ite
848 1082 878 1120 sc
889 1080 957 1120 eun.

1015 529 1064 602 qui
1081 530 1157 589 bello
1173 533 1250 604 apud
1264 532 1438 589 Sucsionum
1450 533 1598 590 civilatem
1615 538 1684 590 note
1697 532 1841 589 sauranec

1013 618 1109 675 victus
1125 635 1178 676 nec
1198 620 1300 687 victor,
1318 617 1347 675 in
1369 621 1534 678 custodiam
1550 622 1586 678 ad
1603 626 1728 679 mortem
1744 633 1840 697 usqne

1014 706 1151 765 detrusus
1159 709 1360 765 cstUtautcm
1368 706 1674 783 cosparitersupcrior
1682 708 1840 784 descripsit

1013 803 1183 865 cenventus,
1203 799 1243 854 ita
1260 815 1362 853 onrnes
1384 815 1471 853 sacrm
1490 796 1604 854 milicia
1620 802 1836 869 successerunt,

1013 884 1041 938 id
1057 891 1102 941 cst
1115 887 1168 959 ipsi
1182 888 1267 960 primi
1280 893 1309 942 et
1323 888 1388 943 novi
1400 887 1488 943 (luces
1499 887 1644 944 exercitus
1658 888 1838 960 praestantis·

1013 975 1145 1047 simaqne
1161 977 1185 1047 ej
1192 994 1225 1030 ns
1238 975 1327 1032 seculi
1346 976 1468 1042 lumine,
1479 974 1620 1032 llinoldns
1631 981 1718 1050 atquc
1728 975 1837 1033 Johun·

1013 1081 1074 1132 nes,
1088 1065 1192 1120 eleirule
1204 1065 1324 1120 Salrclro
1340 1082 1373 1119 ex
1389 1064 1503 1120 clericis
1517 1066 1610 1119 sancti
1627 1066 1745 1121 lllnrtiui
1761 1066 1837 1122 citra

123 1162 239 1215 ntorum
256 1158 370 1232 ingerit
387 1157 491 1228 oculis,
508 1163 541 1212 nt
555 1157 695 1230 quicquid
719 1156 831 1213 dictum
857 1154 953 1234 luerit,
1011 1152 1172 1221 Mosellam,
1183 1154 1350 1210 ltandincns
1359 1153 1502 1226 presbiter
1511 1154 1589 1211 tituli
1598 1155 1691 1211 sancti
1701 1154 1835 1228 Simpho·

132 1247 232 1304 minus
242 1247 384 1315 videatur,
397 1251 427 1303 et
440 1245 600 1303 multitudo
611 1245 754 1301 lectorum
769 1257 954 1318 nequaquam
1010 1242 1095 1310 niani,
1110 1243 1251 1298 anacer
1266 1243 1406 1299 diaconus
1417 1242 1452 1298 de
1463 1257 1520 1316 qno
1531 1259 1621 1318 snpra
1635 1248 1833 1303 memoratum

129 1335 274 1410 exaequari
290 1336 385 1393 neleat
399 1335 538 1393 facultate
552 1334 717 1392 verborum.
735 1332 895 1391 Ecclesiam
914 1331 953 1389 ei·
1009 1337 1064 1399 est,
1077 1347 1202 1404 cumque
1218 1331 1265 1387 his
1280 1330 1491 1409 adulescentuli
1503 1329 1766 1403 duo,Tentl1iucus
1780 1333 1835 1391 mi-

133 1423 265 1497 quidem,
281 1440 369 1497 quam
380 1424 565 1496 superiorum
581 1426 747 1496 temporum
762 1419 954 1494 perturbatio.
1009 1421 1102 1476 nister
1112 1420 1212 1476 domni
1223 1419 1348 1488 Eiuoldi,
1360 1424 1389 1476 et
1400 1419 1573 1489 Tentherns,
1584 1421 1634 1496 qni
1650 1418 1832 1481 adhncbcue

123 1527 160 1568 ne
176 1513 213 1570 ab
226 1514 313 1568 amni
330 1529 411 1585 peno
423 1512 590 1568 studiorum
606 1511 750 1570 bonorum
767 1511 876 1569 fervere
891 1514 952 1567 tem
1007 1509 1237 1566 conversationis
1252 1515 1395 1582 superest,
1408 1526 1475 1565 oum
1492 1509 1641 1567 Raudiuco
1656 1508 1831 1584 presbitero,

127 1599 156 1654 in
168 1600 276 1658 divinis
287 1617 376 1674 quem
385 1605 414 1660 et
424 1600 562 1658 humanis
573 1601 711 1659 detritam
722 1605 900 1675 susceperat,
911 1600 953 1659 ita
1007 1598 1093 1670 cnjus
1109 1603 1171 1655 erat
1182 1615 1281 1672 nepos,
1294 1598 1452 1654 admissus.
1466 1599 1498 1654 ln
1511 1598 1643 1663 vestibus
1655 1596 1830 1657 clerlcornm

122 1707 226 1748 secum
242 1689 951 1763 Dominooperanteexnnllo,utitedixerlm,in
1006 1687 1177 1762 aliquandiu
1206 1689 1398 1755 incesserunt,
1416 1687 1507 1744 donec
1531 1686 1666 1762 episcopo
1691 1685 1829 1746 illucve·

124 1796 278 1837 summum
300 1785 419 1851 repento
438 1783 550 1837 statum
566 1781 706 1852 provenit,
718 1785 751 1836 ut
766 1796 949 1855 qaaecumque
963 1808 988 1875 B
1006 1778 1114 1846 niente,
1131 1783 1160 1835 et
1176 1792 1256 1831 more
1277 1777 1439 1832 monastico
1456 1775 1595 1834 electione
1611 1776 1647 1833 de
1661 1777 1718 1843 eibi
1733 1776 1828 1850 press-

122 1869 230 1926 diocesi
247 1886 307 1924 snm
323 1869 464 1926 suberant
479 1870 668 1938 monasteria,
685 1868 771 1944 longo
780 1871 844 1942 jem
859 1873 888 1926 ct
902 1886 947 1927 vc·
1003 1867 1106 1921 ciendo
1118 1871 1198 1938 patre
1210 1866 1300 1938 petita
1310 1871 1339 1920 et
1350 1871 1553 1938 accepta,cum
1565 1865 1827 1923 institutioncvitae

121 1958 175 2014 teri
192 1958 293 2015 morbo
309 1958 346 2014 ab
364 1974 449 2031 opere
470 1957 815 2031 rectitudinislangnida
829 1961 857 2013 et
872 1974 945 2031 pene
1002 1954 1156 2028 regularis,
1169 1955 1300 2010 habiturn
1318 1971 1432 2027 qnoque
1447 1955 1581 2013 monachi
1593 1959 1826 2012 commutarunt.

121 2046 284 2120 desperata,
303 2045 487 2120 regularibus
503 2046 668 2118 disciplinis
683 2046 853 2114 reddiderit,
867 2047 945 2103 viros

120 2135 180 2190 vita
195 2141 224 2191 ct
241 2135 374 2191 doctriua
393 2135 530 2208 probatos
546 2134 671 2209 singulis
688 2134 853 2208 quibusque
872 2134 945 2191 locis

120 2224 292 2296 proellciens,
314 2225 364 2297 qni
387 2225 497 2281 arundo
520 2225 645 2297 perfecte
670 2225 815 2292 abdicato,
840 2225 944 2280 ceteris

120 2313 295 2370 documento
307 2320 336 2369 et
348 2314 505 2385 disciplina
519 2312 886 2387 prolicerent.Clericorum
900 2314 943 2387 ip·

119 2420 219 2460 sorum
235 2401 484 2472 conciliabula‚eo
505 2404 582 2476 qnod
603 2403 727 2460 divisam
749 2420 816 2460 cum
837 2402 943 2463 seculo

118 2492 368 2549 conversationem
380 2509 439 2548 uon
449 2492 522 2547 satis
529 2491 682 2564 probabat,
690 2491 720 2547 in
732 2491 942 2548 monachorum

120 2578 942 2655 institutamutavitllauctimouielinmhabitacula,qnod

96 2700 98 2705 ·
118 2686 163 2739 ea,
179 2671 234 2727 etsi
251 2687 308 2727 uon
329 2687 369 2740 re,
384 2669 462 2727 lama
482 2675 581 2727 tamen
597 2669 746 2727 obscurari
763 2686 852 2743 quam
867 2685 942 2742 egre

118 2757 239 2827 ferebat,
252 2759 331 2816 omni
345 2758 471 2815 sinistre
483 2758 656 2831 suspitionis
672 2775 771 2815 meren
782 2758 900 2830 eripuit,
912 2763 942 2816 at

117 2849 154 2909 ad
169 2848 249 2903 idem
264 2864 322 2920 qno
337 2846 497 2904 monachos
512 2847 694 2916 institutum,
706 2853 734 2903 et
749 2847 778 2902 iu
791 2845 872 2903 nullo
885 2846 941 2903 dis-

117 2952 201 3006 pares
211 2935 438 3006 obsarvationes,
450 2951 501 3006 pro
516 2951 604 2991 sexus
615 2935 723 2991 virtute
733 2934 870 2993 coercuit.
882 2935 940 2992 Neo

1036 2045 1079 2100 44.
1095 2043 1157 2101 Uno
1178 2044 1256 2099 enirn
1272 2049 1337 2100 roto
1354 2048 1383 2100 et
1399 2045 1460 2115 pari
1484 2045 1632 2102 sententia
1654 2043 1763 2101 domno
1778 2044 1825 2100 lli·

1000 2131 1086 2189 uelde
1102 2133 1137 2188 ab
1151 2132 1289 2189 omnibns
1305 2132 1475 2201 exclamato,
1489 2133 1550 2206 ipse
1565 2133 1679 2207 primns
1689 2133 1824 2189 omnium

998 2221 1826 2295 episcoporegularemconversationcmexiustitutoben·

998 2311 1021 2367 ti
1034 2311 1182 2367 Benedicti
1195 2311 1304 2383 scripto
1315 2310 1508 2383 professus,et
1518 2311 1596 2366 cruci
1608 2310 1761 2367 dominica
1774 2311 1823 2367 de·

999 2400 1152 2469 dicendus,
1160 2398 1275 2457 cucullo
1286 2399 1428 2457 induitur.
1437 2401 1598 2472 Sequentes
1613 2399 1713 2456 abbati
1728 2417 1763 2455 ex
1777 2416 1823 2456 or·

998 2489 1066 2546 diue
1077 2490 1258 2563 protltentes,
1267 2490 1297 2545 in
1308 2487 1424 2545 milicie
1435 2487 1552 2544 celestis
1560 2493 1588 2545 et
1596 2487 1770 2544 obedientia
1780 2505 1824 2545 sa·

996 2581 1147 2637 eramenta
1161 2579 1216 2634 snb
1240 2578 1305 2651 ipso
1330 2592 1433 2634 ornnes
1449 2575 1588 2633 similiter
1602 2576 1664 2651 part
1676 2578 1721 2612 ¹⁸⁸⁸
1736 2574 1823 2643 modo

996 2669 1161 2740 conjurant.
1173 2667 1216 2724 etd
1227 2683 1273 2723 res
1283 2671 1365 2722 extre
1375 2666 1520 2722 curandas
1531 2664 1660 2722 domnus
1672 2665 1824 2723 lohannes

997 2754 1824 2830 coccusctgnaruseerurneligitur.raneiquiexretuste

997 2847 1215 2905 conversatione
1226 2845 1266 2901 ibi
1277 2848 1449 2918 supereraut
1460 2843 1646 2914 monacbi,ed
1653 2842 1821 2919 exemplum

996 2952 1135 2993 uovorum
1152 2935 1243 2992 coacti
1267 2935 1296 2991 in
1322 2933 1560 2991 communionem
1576 2933 1633 2991 vite
1647 2932 1738 2991 etiam
1763 2931 1821 3008 ipsi

113 3025 176 3095 jam
195 3023 410 3095 antiquioribus
420 3028 449 3079 ct
463 3023 707 3085 eminentioribus
722 3028 877 3080 contentus
898 3022 939 3080 lo·
996 3026 1109 3082 assensi
1121 3025 1316 3082 scatescens
1326 3023 1369 3080 eis
1379 3021 1424 3079 nel
1436 3022 1603 3080 substantia
1612 3023 1708 3095 primo
1718 3024 1821 3099 admo·

118 3112 170 3181 eis,
183 3112 263 3185 ipsas
274 3128 389 3185 qnoque
405 3109 525 3168 cellulas
541 3111 657 3184 lougius
674 3113 732 3168 ritu
743 3130 814 3185 vago
825 3113 939 3185 disper·
997 3116 1067 3171 dum
1084 3116 1181 3171 tennis
1196 3115 1262 3183 snit,
1273 3130 1362 3186 quam
1383 3118 1482 3169 tamen
1502 3112 1650 3169 interioris
1665 3112 1758 3169 aniani
1774 3118 1822 3169 te-

118 3218 176 3270 sca,
185 3202 215 3256 iu
227 3201 334 3273 quibus
343 3202 389 3258 vix
399 3205 463 3257 octo
475 3205 526 3256 ent
535 3206 612 3257 certo
625 3201 748 3257 mineris
760 3203 874 3259 numeri
886 3202 941 3261 cle·
959 3173 984 3259 C.
996 3221 1100 3260 saurus
1116 3203 1200 3260 facilc
1215 3202 1396 3260 tolerabilem
1419 3201 1553 3270 iaciebat,
1569 3202 1701 3275 ssdesque
1715 3202 1745 3258 in
1761 3202 1821 3260 Deo

117 3291 169 3345 rici
179 3290 540 3346 ruralesnudaverbornm
549 3290 710 3346 reddebant
719 3292 761 3326 ¹⁸⁵⁷
768 3292 873 3361 ot'ticla,
881 3310 940 3352 mo·
995 3293 1090 3365 plena,
1105 3310 1169 3366 que
1186 3292 1280 3347 nescit
1294 3291 1452 3354 delectum,
1470 3286 1622 3363 religiosos
1637 3308 1772 3364 quosque
1786 3308 1822 3348 en

119 3380 279 3437 nachornm
303 3378 406 3435 habitu
435 3384 464 3436 et
493 3379 746 3436 observationibus
775 3381 938 3456 insignivit.

117 3469 211 3542 thue
226 3474 359 3542 tempora
378 3485 481 3540 resque
498 3467 639 3537 tulerunt,
657 3473 750 3525 terras
770 3473 939 3543 sumptibus

116 3576 217 3615 eornm
234 3557 414 3616 necessarias
429 3562 458 3614 et
473 3575 535 3630 qne
551 3556 681 3614 locorum
698 3563 782 3615 erant
797 3561 937 3633 restituit,

116 3654 145 3704 et
159 3647 285 3722 propriis
310 3647 413 3705 usibus
437 3648 602 3704 subtractas
623 3647 740 3721 egregia
764 3646 938 3708 liberalitate

116 3737 224 3795 additis
239 3735 424 3795 testamentis
439 3735 627 3794 contradidit.

151 3823 594 3898 l2.Sedquamquamomnium
603 3824 938 3885 mirostndiocumcura

115 3916 253 3985 tenuerit,
266 3914 370 3972 Geraia
383 3918 494 3981 tamen,
511 3917 544 3969 ut
567 3913 636 3984 dixi,
649 3914 734 3971 unico
749 3914 805 3971 sibi
822 3932 939 3988 semper

117 4004 172 4060 fnit
187 4003 289 4072 amori,
301 4019 353 4075 pro
364 4018 397 4059 co
408 4002 485 4074 qnod
501 4007 530 4058 et
544 4002 720 4086 principium
732 4020 852 4075 opernm
872 4006 937 4078 ejus

116 4092 259 4160 extiterat,
271 4095 300 4148 et
315 4092 457 4148 sanctitas
467 4091 672 4163 predictorum
683 4092 811 4149 virorum
823 4092 937 4150 einoldi

116 4185 204 4252 atque
218 4178 362 4238 lobannis
386 4196 454 4236 eum
478 4181 622 4252 precipue
637 4179 811 4252 oblectabat,
829 4182 937 4255 quibus

115 4269 215 4339 etiam,
228 4285 285 4342 pre
296 4267 467 4324 excellentia
477 4269 604 4338 virtutis,
617 4269 685 4326 lldei
695 4274 724 4326 et
735 4271 895 4344 sapientie,
907 4272 937 4327 in

115 4357 253 4414 omnibns
265 4357 323 4414 sere
334 4356 470 4430 deinceps
481 4356 587 4415 divinis
598 4374 650 4415 seu
661 4357 799 4417 humanis
810 4364 855 4416 est
865 4377 937 4417 nsns

115 4446 256 4505 consiliis.
282 4446 339 4503 Nec
369 4446 459 4502 terme
484 4445 651 4519 aliqnando,
668 4448 808 4522 quicquid
836 4465 937 4506 eorum

116 4630 226 4696 contra,
243 4625 266 4683 si
283 4642 341 4698 qno
356 4629 437 4681 extra
452 4640 614 4698 egressum,
630 4643 695 4685 sero
710 4627 845 4700 penituit

151 4717 194 4772 43.
208 4714 333 4789 Ingressi
345 4717 414 4770 snut
430 4718 528 4772 eutem
545 4715 622 4772 idem
638 4717 849 4774 monasterium
862 4735 938 4776 anuo

116 4804 324 4863 incarnationis
335 4803 487 4862 dominice
497 4804 714 4873 macheronte
724 4811 836 4879 partem
849 4808 938 4865 Fran·

115 4896 165 4952 cia
183 4893 422 4969 reguiqnendam
439 4894 566 4950 Letharii
582 4893 714 4952 Heinrico
725 4895 937 4954 Germanorum

117 5001 192 5058 rege,
209 5001 266 5056 quo
281 4982 513 5057 gloriosissimus
525 4984 591 5039 Otto
607 4984 704 5052 Cesar,
716 4985 849 5042 omnium
861 4991 937 5044 retro

115 5073 259 5144 preconia
275 5088 417 5143 superans
428 5078 457 5130 et
468 5073 602 5129 universo
618 5074 680 5130 orbi
695 5093 753 5134 uon
769 5075 868 5133 minna
879 5076 938 5151 glo·

116 5162 163 5215 riae
180 5178 268 5233 quam
284 5160 391 5217 tractui
407 5167 504 5230 natue,
517 5167 634 5218 exortus
649 5169 709 5232 est3
728 5165 878 5222 Franciam
889 5185 938 5225 au-

994 3381 1065 3439 locis
1076 3382 1198 3439 diversis
1215 3382 1244 3435 iu
1256 3397 1319 3438 eam
1333 3387 1402 3437 tunc
1418 3380 1548 3453 primum
1560 3381 1708 3437 nascentis
1719 3382 1821 3455 gratier

992 3476 1177 3528 venustatem
1194 3471 1314 3539 excites,
1331 3469 1567 3542 quibuscamque
1589 3469 1765 3527 necessariis
1776 3472 1822 3506 ¹⁵⁸2

994 3560 1198 3634 impendendis
1214 3559 1316 3616 ardore
1327 3559 1461 3614 certatim
1476 3557 1567 3614 altero
1577 3557 1660 3615 alteri
1677 3558 1821 3615 inruenti-

993 3651 1048 3709 bus
1064 3649 1243 3723 impellebat.

1028 3741 1071 3796 45.
1082 3739 1124 3795 Ad
1136 3738 1189 3794 hoc
1202 3737 1264 3810 ipsc
1279 3737 1428 3794 lohannes
1439 3752 1630 3811 quecumque
1646 3735 1676 3793 in
1691 3735 1817 3797 faculta-

991 3830 1071 3886 tibus
1087 3827 1200 3901 pridem
1222 3830 1404 3899 supereraut,
1420 3830 1572 3899 tamquam
1597 3824 1683 3885 fidele
1698 3824 1818 3887 Christo

992 3917 1183 3990 mancipium,
1196 3916 1287 3972 immo
1302 3915 1429 3987 probans
1440 3914 1471 3971 in
1481 3914 1606 3985 modico,
1618 3931 1708 3990 qnam
1720 3912 1817 3974 addi·

992 4010 1021 4065 iu
1038 4006 1141 4080 majori
1157 4010 1235 4062 esset
1250 4006 1377 4073 lntnrns,
1394 4003 1463 4061 illuc
1483 4009 1589 4062 cuncta
1603 4004 1760 4076 contruxit,
1775 4005 1818 4064 aa

992 4103 1024 4154 nt
1040 4113 1076 4153 nc
1091 4096 1263 4168 propinquis
1283 4093 1440 4167 aliquibus,
1456 4091 1502 4149 vel
1518 4093 1589 4167 ipsis
1613 4093 1704 4151 edam
1730 4110 1819 4152 cerne

992 4187 1150 4261 germanis,
1163 4185 1320 4258 quicquam
1331 4199 1365 4239 cx
1376 4183 1612 4256 quibuscumque
1622 4184 1816 4256 possessioni·

993 4277 1047 4333 bns
1060 4275 1245 4348 relinqueret,
1254 4273 1324 4346 quin
1336 4272 1434 4344 potins
1445 4273 1481 4328 ed
1491 4270 1644 4330 cumulum
1654 4269 1818 4346 gloriarum

992 4364 1144 4422 celestium
1162 4364 1251 4435 ipsos,
1269 4361 1318 4434 qui
1340 4365 1457 4418 tautum
1473 4360 1531 4418 dno
1546 4359 1664 4417 lucrant
1678 4360 1736 4417 sibi
1753 4378 1818 4435 ger-

993 4454 1083 4522 mani,
1099 4453 1136 4508 ad
1155 4450 1287 4507 divinum
1307 4453 1374 4522 post
1395 4449 1544 4506 modicum
1559 4449 1700 4522 temporis
1716 4466 1819 4507 secum

115 4535 311 4609 promulgavit
335 4535 490 4606 sententia,
502 4535 611 4593 frustra
635 4541 813 4611 temptatum
833 4543 888 4608 est,
905 4543 976 4612 utl)
993 4543 1110 4615 subegit
1125 4539 1287 4598 servitium.
1306 4539 1420 4612 llesque
1436 4555 1538 4596 earnes
1551 4542 1613 4594 tam
1631 4537 1662 4593 iu
1678 4537 1820 4595 domibus

992 4650 1081 4708 qnam
1090 4632 1120 4687 iu
1129 4630 1208 4705 egris
1216 4627 1439 4686 cumnicearum
1451 4626 1820 4699 pulcherrimaedmcdum

992 4721 1084 4793 copia,
1095 4734 1286 4793 quecumque
1301 4715 1436 4789 partibus
1447 4720 1530 4773 crant
1539 4718 1669 4786 ventura,
1681 4715 1714 4772 iu
1725 4734 1819 4774 unum

993 4813 1134 4880 redactas,
1143 4809 1246 4866 usibus
1257 4804 1464 4864 communibus
1476 4803 1645 4863 monasterii
1657 4803 1818 4880 delegarim

993 4898 1161 4955 condicione
1177 4901 1275 4952 tamen
1291 4891 1497 4967 supraposita,
1515 4898 1548 4952 nt
1568 4893 1639 4950 dnm
1655 4894 1720 4966 ipse
1736 4894 1815 4951 advi-

991 4992 1070 5044 veret
1086 4988 1115 5043 iu
1127 4988 1177 5059 jus
1194 4983 1363 5041 monasterii
1379 4986 1501 5051 retenta,
1518 4998 1552 5040 eo
1575 4983 1736 5040 decedente
1760 4999 1817 5038 non

993 5077 1076 5136 aliter
1091 5077 1126 5132 ab
1149 5074 1316 5143 heredibus,
1334 5072 1357 5128 si
1374 5071 1424 5147 qui
1440 5071 1514 5128 sorte
1538 5071 1733 5146 proximiores
1747 5077 1817 5127 tuno

991 5172 1100 5236 esseut,
1117 5168 1328 5238 repeterentur,
1341 5163 1398 5219 nisi
1415 5162 1497 5235 prius
1514 5161 1642 5219 inlibris
1657 5161 1817 5236 argentino

789 5291 1137 5355 vaalm'tunulerlus.

151 5385 195 5421 ¹⁵⁸⁷
211 5384 350 5441 reddebat
366 5401 390 5441 c.
430 5386 474 5420 ¹⁵⁵⁸
490 5386 564 5456 petri
580 5402 651 5443 corr.
668 5389 729 5459 pari
745 5405 769 5444 c,
809 5392 854 5428 ¹⁵⁸⁹
869 5394 1051 5455 necessarius
1066 5410 1089 5449 c.

906 5508 931 5566 N
1017 5552 1024 5567 .

149 5599 226 5675 4375)
241 5599 283 5656 ul.
300 5598 417 5658 chartas
430 5617 447 5657 a
460 5599 584 5660 calmeta
600 5603 629 5659 in
644 5603 761 5664 Prcavce
775 5604 808 5665 de
824 5509 1014 5673 mnam
1021 5610 1153 5705 banaiae
1166 5606 1312 5680 collectas,
1329 5622 1358 5682 p.
1374 5603 1427 5667 338
1437 5621 1503 5684 sqq.
