3900 6090
108 225 167 284 {05

106 359 148 415 'le
162 360 248 431 duce,
265 362 398 420 stelliferi
413 365 590 424 scandamus
607 373 638 425 ut
654 372 727 427 atria
743 371 816 440 culi,

144 448 302 524 Participes
318 454 410 526 regni,
427 458 455 510 to
469 457 552 524 duee,
569 457 710 515 stelliferi.

103 535 246 596 Versibus
261 540 439 615 hymnidicis
454 544 514 601 bec
530 547 662 603 carmina
677 549 844 621 pangimus,
861 555 889 606 et
903 555 932 607 te

141 625 299 685 Patronem
315 631 438 688 colimus
453 635 585 691 versibus
600 635 786 710 hymnidicis.

100 715 292 775 Christicolas
306 720 420 777 animas
436 723 505 795 quia
521 724 716 797 multiplicare
731 727 855 794 solebas,

137 807 178 861 Ad
195 807 280 864 carlus
296 826 434 868 revocans
449 812 635 869 Christicolas
651 815 775 872 animas.

99 893 178 949 Ydra
194 913 301 954 nocens
317 899 419 971 fugiat,
436 918 472 957 ne
487 919 540 959 nos
556 919 606 976 per
620 904 702 959 devia
714 904 796 960 ludet
812 923 818 960 :

137 983 195 1039 Nos
209 990 260 1041 tua
273 987 374 1044 dext-ra
390 993 476 1064 tegat,
492 991 584 1065 hydra
599 1008 706 1048 nocens
722 993 824 1066 lugint.

96 1072 169 1129 Elus
184 1076 285 1132 obesse
302 1079 413 1151 nequit,
428 1079 543 1136 Christo
558 1085 714 1155 superante
738 1083 899 1157 malignum
916 1102 923 1140 :

135 1163 270 1222 Christus
284 1167 368 1223 adest
381 1167 481 1238 victor,
498 1169 578 1227 zelus
593 1172 695 1228 obesse
712 1173 822 1244 nequit.

94 1253 212 1324 Aspice,
230 1259 330 1312 sancte
345 1257 437 1327 Pater,
454 1275 518 1331 quae
531 1276 583 1316 nos
598 1261 720 1317 adversa
735 1261 858 1334 fatigant
875 1279 880 1317 :

134 1343 202 1408 Oura
217 1344 295 1400 mala
307 1362 360 1403 nos
375 1346 514 1418 lacerant,
531 1349 638 1422 aspice,
655 1355 754 1406 sancto
770 1350 863 1407 Pater.

96 1430 178 1488 Mitis
193 1433 292 1490 adesto
308 1434 366 1491 tuis
380 1436 433 1493 tibi
448 1439 498 1509 qui
515 1439 696 1495 famulantur
710 1440 849 1496 alumnis.

133 1522 187 1587 Qui
202 1526 230 1578 te
244 1522 422 1594 collaudant,
439 1526 519 1582 mitis
534 1528 634 1584 adesto
648 1529 717 1584 tuis.

95 1610 191 1684 Eripe,
209 1618 317 1684 pastor,
333 1631 411 1684 oves,
427 1615 525 1672 animo
539 1633 612 1688 quas
627 1634 744 1690 semper
758 1619 873 1686 amasti,

131 1701 166 1756 llt
178 1718 252 1774 quas
268 1702 412 1760 nutrieras
428 1705 516 1777 eripe,
532 1709 639 1778 pastor,
656 1723 733 1762 oves.

94 1788 219 1846 Nomina
235 1796 334 1848 nostra
349 1797 429 1849 notet
442 1810 500 1866 quo
516 1793 688 1850 Christusin
704 1811 769 1850 arco
785 1793 918 1867 polorum

131 1878 203 1935 Cum
219 1883 387 1954 sanctisque
400 1883 463 1940 suis
474 1883 593 1940 nomina
603 1888 703 1940 nostra
714 1888 802 1941 notet.
813 1885 916 1941 Amen.

93 2065 233 2148 Hernicus
260 2069 464 2149 vespertinalis
501 2070 632 2152 Snpltico
662 2081 755 2134 metro
792 2075 915 2138 endeca-

132 2157 247 2306 zgltubo
273 2157 549 2233 odilmannum
577 2171 684 2241 quarto
713 2165 861 2228 corrteircns
885 2169 916 2228 r‘n

161 2266 206 2306 co.

129 2408 255 2482 Inclytus
270 2414 370 2482 pastor
385 2409 541 2484 populique
556 2416 660 2480 rector,

126 2489 217 2560 Cujus
233 2490 377 2562 insignem
393 2490 517 2547 colimus
531 2492 725 2565 triumphum.

127 2570 208 2626 dunc
223 2570 410 2627 adelwoldus
426 2570 489 2626 sine
503 2572 561 2626 line
573 2571 656 2628 letus

233 2661 345 2733 Regnat
360 2659 390 2714 in
405 2659 502 2716 astris.

125 2739 179 2804 Qui
195 2740 279 2795 Pater
293 2742 392 2796 noster
407 2738 462 2795 suit
477 2744 506 2795 et
521 2742 671 2814 magster,

124 2827 269 2884 thibcns
284 2844 373 2885 saera
388 2830 564 2885 documenta
578 2831 652 2899 vitea,

124 2918 158 2972 Et
173 2918 230 2973 Deo
245 2934 361 2990 semper
375 2922 511 2991 satagens
527 2918 640 2991 placere

228 3006 319 3065 Corde
333 3006 470 3081 benigno.

123 3094 235 3150 Odiem
250 3100 396 3165 sanctum,
412 3095 565 3164 celebrem,
581 3114 746 3167 coruscum,

123 3185 214 3250 Quem
230 3184 280 3240 Dei
293 3184 377 3241 nobis
393 3185 484 3258 pictas
500 3187 633 3254 sacravit,

123 3273 159 3329 Ut
175 3274 249 3329 Patri
266 3279 346 3330 tanto
362 3292 542 3331 mereremur
556 3275 667 3331 alinum

231 3363 364 3420 Promere
378 3364 514 3420 cantuml

122 3450 207 3505 Nunc
221 3466 288 3506 eum
302 3452 368 3508 nisu
384 3452 545 3525 rogitemus
559 3454 650 3521 omni,

121 3547 228 3604 Abluet
244 3555 375 3606 nostrum
392 3549 457 3622 pius
474 3554 507 3606 ut
521 3556 646 3615 rentum,

122 3637 156 3693 ut
170 3655 226 3693 sua
240 3645 341 3695 sancta
355 3656 439 3712 prece
454 3656 508 3696 nos
523 3641 559 3696 ad
576 3640 667 3696 altum

227 3727 321 3784 Ducat
334 3726 494 3802 olympum.

120 3815 164 3872 Sit
178 3816 236 3872 Dee
250 3816 306 3874 soli
321 3818 411 3874 decus
425 3822 454 3874 et
465 3822 603 3891 potestas,

120 3904 197 3961 Laus
212 3904 241 3962 in
255 3905 388 3975 excelsis,
404 3906 498 3964 honor
512 3924 545 3964 ec
560 3909 706 3981 perennis,

118 3994 173 4060 Oui
188 3993 251 4050 suis
265 3999 359 4053 totum
375 3996 530 4053 moderans
545 3998 689 4071 gubernat

226 4083 351 4159 Legibus
365 4085 475 4142 orbern.
492 4087 594 4142 Amen.

81 4171 152 4228 Coeli
169 4177 286 4229 senator
298 4171 414 4248 inclyte,
429 4178 530 4231 sancte
545 4175 628 4231 Pater
641 4175 774 4234 Ecclesiae

80 4261 260 4330 Adelwolde,
277 4260 425 4336 supplices
441 4268 507 4320 tuos
522 4263 626 4321 exaudi
641 4265 780 4322 servulos.

79 4349 148 4406 lam
165 4350 248 4408 sidus
261 4350 338 4408 iuter
351 4351 457 4421 sidera,
475 4350 643 4425 resplendes
658 4372 747 4428 snper
762 4356 878 4424 ethera,

79 4438 173 4495 Nobis
186 4439 331 4514 benignus
345 4440 469 4513 impetra
484 4441 623 4498 Paracleti
639 4442 826 4500 charismata.

80 4527 185 4584 Pronis
200 4545 339 4604 rogamus
351 4530 499 4587 mentibus
514 4528 562 4587 hic
577 4547 675 4587 coram
689 4532 749 4589 tuis
772 4533 904 4604 artubus,

79 4617 194 4673 Nostris
210 4619 310 4675 adesto
326 4619 461 4692 precibus
475 4636 597 4677 screnus
613 4637 646 4676 ac
662 4621 814 4695 propitius.

79 4705 117 4762 tlt
132 4707 192 4763 tuis
207 4707 379 4764 necessariis
395 4708 516 4781 protecti
532 4710 700 4781 patrocinis,

77 4797 122 4851 Ad
138 4795 278 4853 coelnrurn
296 4802 436 4871 perpetua
450 4799 654 4871 perveniamus
670 4799 786 4871 gaudia,

80 4884 200 4941 Praestct
216 4887 299 4943 nohis
314 4888 464 4961 lngenitus
479 4889 534 4946 hoe
549 4892 636 4960 atque
653 4888 833 4962 Unigenitns,

79 4975 367 5033 Sanctusamborum
379 4976 515 5050 Spiritus,
523 4978 619 5032 trinus
628 4981 656 5033 et
665 4994 741 5033 unns
753 4977 904 5033 Dominus.

223 5068 324 5122 Amen.

428 5202 558 5260 Orontes.

116 5315 205 5385 Deus,
221 5315 270 5388 qui
287 5315 418 5389 preclari
432 5314 537 5373 sideris
553 5315 646 5372 sancti
661 5315 807 5388 pontificis
821 5314 905 5372 odet-

78 5405 171 5461 wnldi
198 5405 403 5475 illustratione,
420 5422 524 5463 nevam
544 5404 661 5479 populis
678 5404 838 5478 Anglornm
855 5404 906 5459 tri-

79 5492 171 5551 haisti
181 5494 276 5552 lucem
284 5494 483 5553 hodiernadie
493 5492 907 5566 clarescere:suppliciterim·

78 5582 233 5660 ploramus
242 5582 480 5655 clementiam,ut
494 5585 579 5658 cujus
590 5581 758 5659 magisterio
767 5579 857 5641 totius
866 5597 907 5641 re·

240 5684 375 5747 Parnon.
394 5685 563 5747 cxxxvii.

908 243 1010 304 Vl'l'A.

949 378 976 443 Α
992 375 1108 448 ligionis
1123 381 1298 437 documenta
1320 383 1519 456 cognovimns,
1538 404 1614 443 unus
1629 393 1657 444 ct
1671 391 1811 464 ‹exemplls

1753 259 1812 321 too

987 464 1190 536 informemur,
1206 475 1234 524 ct
1249 472 1419 543 patrociniis
1434 475 1615 545 adjuvemur.
1632 477 1695 533 Por.

1306 578 1349 634 Aa
1362 579 1489 636 missam.

1021 679 1107 747 Deus,
1125 683 1173 753 qui
1192 682 1361 740 hodiernam
1377 685 1453 742 diem
1470 688 1544 743 beuti
1564 691 1740 749 contessoris
1764 695 1807 749 tui

983 767 1144 824 ddelrroldi
1161 772 1288 844 episcopi
1304 775 1428 830 transitu
1445 777 1529 833 nobis
1544 778 1744 837 honorabilem
1761 784 1807 839 dc·

983 856 1086 911 dicasti
1103 876 1109 912 :
1128 862 1253 915 concede
1268 863 1423 933 propitius
1441 870 1473 920 ut
1486 867 1571 937 cnjus
1586 869 1748 927 eruditione
1759 889 1804 928 vc·

983 943 1076 1001 ritulis
1099 950 1153 1002 tua
1179 947 1242 1003 luce
1267 952 1481 1022 perl'nndirnnr,
1507 957 1571 1026 ejus
1598 956 1805 1020 intercessione

980 1031 1105 1090 celestis
1115 1033 1178 1090 vitu
1193 1034 1301 1108 gaudia
1317 1055 1541 1112 consequamur.
1559 1043 1620 1100 Per.

1326 1149 1454 1204 secr-era.

1014 1246 1117 1302 Oblata
1137 1249 1286 1306 servitutis
1310 1257 1414 1309 nostre
1440 1271 1562 1311 munero
1588 1258 1651 1326 tibi,
1668 1260 1800 1332 Domine,

977 1349 1148 1405 quaesumus
1167 1356 1265 1395 annua
1289 1342 1382 1397 sancti
1408 1342 1501 1399 Patris
1523 1345 1615 1402 nostri
1638 1348 1801 1407 Adelwoldi

976 1424 1104 1497 episcopi
1118 1427 1288 1486 solemnitas
1298 1432 1482 1487 commendet
1491 1438 1624 1508 accepts:
1637 1442 1668 1492 ut
1678 1439 1742 1510 ejus
1753 1439 1801 1513 pia

975 1512 1187 1584 supplicatione
1204 1518 1319 1588 muniti,
1337 1525 1509 1577 cunctorum
1520 1529 1688 1581 nostrorum
1699 1529 1801 1585 remis·

974 1599 1086 1657 sionem
1095 1606 1297 1675 peccaminum
1307 1613 1336 1664 et
1346 1609 1537 1668 beatitudinis
1547 1613 1730 1686 sempiterne
1742 1634 1799 1674 me-

974 1705 1091 1747 reamur
1105 1693 1235 1751 obtinere
1250 1697 1440 1754 consortium.
1458 1700 1519 1756 Per.

1310 1805 1458 1876 Prasstio.

1008 1895 1041 1950 V.
1059 1896 1210 1956 Datame
1224 1899 1310 1969 Deus,
1324 1902 1464 1974 quoniam
1476 1905 1558 1960 adest
1569 1907 1652 1964 nobis
1662 1910 1796 1979 jucunda

971 1988 999 2040 ct
1021 1985 1115 2042 votiva
1139 1989 1289 2061 praesentis
1313 1990 1369 2046 dici
1393 1990 1502 2062 lentitia,
1523 2011 1612 2066 quam
1637 1998 1796 2069 Apostoliei

971 2073 1109 2132 culminis
1138 2076 1247 2135 honore
1280 2080 1456 2149 sublimem,
1487 2099 1627 2156 roseoque
1663 2088 1795 2161 martyrii

970 2178 1072 2221 cruore
1087 2164 1257 2235 solemnem,
1271 2167 1389 2242 gloriosi
1403 2170 1721 2242 potillcisAndclwoldi
1736 2195 1795 2235 mo·

969 2252 1060 2309 derna
1075 2252 1240 2311 celebritate
1255 2257 1442 2327 consecrasti,
1459 2263 1488 2316 et
1507 2278 1590 2334 spem
1606 2263 1690 2320 nobis
1706 2271 1793 2323 tanta

970 2340 1082 2398 fiducia
1094 2344 1253 2414 contulisti,
1267 2350 1298 2400 ut
1313 2364 1366 2403 nos
1380 2349 1509 2420 paternis
1520 2351 1584 2422 ejus
1596 2353 1754 2427 suffragiis,
1765 2360 1794 2412 ct

969 2447 985 2485 a
1000 2437 1184 2504 peccatorum
1201 2438 1368 2491 nostrorum
1384 2437 1506 2495 nexibus
1528 2438 1623 2496 solvas
1636 2446 1664 2496 et
1679 2444 1714 2499 nd
1735 2462 1791 2500 cee-

969 2519 1051 2577 lcrtIa
1067 2540 1156 2597 regna
1171 2525 1322 2596 perducas.
1339 2526 1393 2582 Por
1407 2526 1568 2585 Christum.

1258 2635 1498 2691 roncommunto.

1003 2729 1144 2797 Deiectus,
1161 2728 1292 2798 Domine,
1309 2730 1404 2786 vitalis
1420 2731 1564 2788 alimoniae
1586 2738 1788 2807 sacramentis,

966 2818 1059 2875 sancti
1074 2817 1249 2874 contessoris
1265 2818 1306 2872 tui
1321 2817 1484 2876 edelwoldi
1507 2820 1713 2880 intercessione
1728 2825 1789 2898 glo·

966 2908 1043 2963 riosa
1056 2924 1109 2964 nos
1125 2911 1251 2979 protege,
1268 2909 1296 2962 et
1310 2908 1345 2961 ad
1367 2912 1507 2964 aternum
1531 2910 1656 2969 coelcstis
1681 2931 1788 2971 mense

964 2996 1129 3053 convivium
1144 2995 1293 3068 pervenire
1307 2997 1441 3052 concede.
1459 2997 1521 3054 Per.

1338 3093 1414 3150 Alia.

1000 3209 1122 3281 Gragrm
1142 3212 1237 3275 tuum,
1266 3208 1366 3263 Pastor
1388 3212 1504 3276 aterne,
1521 3208 1560 3281 pii
1587 3211 1788 3284 sullrngntoris

963 3296 1125 3354 adelwoldi
1142 3295 1234 3353 Patris
1252 3296 1343 3352 nostri
1368 3297 1535 3354 defensione
1550 3299 1690 3371 guberna,
1707 3317 1788 3373 qum·

964 3404 1078 3452 snrnns,
1103 3385 1235 3453 Domine,
1252 3389 1284 3440 ut
1307 3386 1393 3458 cnjus
1417 3386 1617 3442 benevolentia
1641 3391 1786 3460 provocati

963 3474 1081 3550 superni
1105 3475 1213 3532 amoris
1237 3473 1390 3530 dulcedine
1405 3475 1563 3546 pascimur,
1579 3477 1643 3548 ejus
1663 3478 1787 3535 interve·

964 3565 1061 3621 niente
1076 3562 1247 3637 patrocinio,
1265 3567 1293 3619 ot
1317 3581 1333 3618 a
1357 3564 1527 3636 temporalis
1543 3565 1607 3621 vitm
1635 3568 1786 3638 perturba·

962 3652 1092 3710 tionibus
1106 3670 1255 3721 eruamur,
1271 3657 1299 3708 et
1314 3651 1464 3708 mansuris
1475 3670 1669 3726 supernorum
1680 3655 1786 3711 civium

962 3741 1077 3816 gaudiis
1091 3741 1267 3798 inseramur.
1284 3741 1346 3798 Per.

1083 3855 1391 3907 1v1nusssrnsuums,
1409 3856 1438 3895 ld
1452 3855 1664 3897 sunustartous

1230 3943 1327 3983 SANGTI
1342 3944 1522 3984 austwonnt.

998 4027 1084 4095 Deus,
1099 4026 1149 4098 qni
1163 4026 1248 4082 nobis
1264 4029 1398 4081 sanctum
1422 4026 1588 4098 pontillcern
1602 4030 1685 4083 tuum
1700 4028 1785 4084 Adel·

961 4115 1093 4173 wnldum
1105 4115 1208 4171 salutis
1219 4120 1332 4171 aterne
1343 4115 1490 4171 doctorem
1503 4115 1631 4173 tribuisti
1644 4133 1650 4170 :
1661 4118 1786 4175 concede

961 4204 1155 4278 propitius,ut
1169 4205 1364 4276 cujusannua
1376 4203 1577 4262 translationis
1587 4204 1730 4262 solemnia
1742 4224 1787 4263 ce·

960 4294 1060 4363 limus,
1077 4295 1141 4366 ejus
1157 4308 1272 4366 semper
1287 4292 1399 4350 meritis
1415 4294 1587 4365 adjuvemur
1596 4300 1625 4352 et
1639 4295 1785 4367 precibus.

961 4383 1022 4438 Per.

1245 4483 1337 4550 Super
1353 4482 1489 4537 oblatam.

997 4578 1179 4635 Sacrificium
1196 4583 1331 4635 nostrum
1355 4578 1417 4648 tibi,
1445 4579 1576 4646 Domino,
1603 4592 1783 4651 quesumus,

962 4667 1053 4724 sancti
1072 4668 1165 4723 Patris
1181 4668 1271 4724 nostri
1287 4666 1448 4725 Adelu'oldi
1460 4667 1587 4740 episcopi
1601 4666 1786 4723 commendet

961 4757 1052 4813 oratio
1070 4775 1075 4813 :
1094 4762 1126 4815 ut
1141 4757 1226 4813 nobis
1241 4774 1274 4813 co
1290 4755 1467 4829 suffragante
1484 4757 1534 4812 dat
1556 4759 1662 4811 sancta
1678 4755 1784 4826 majos·

961 4848 1028 4903 tatis
1057 4852 1112 4901 ture
1142 4845 1317 4918 propitiatio,
1348 4850 1376 4900 et
1403 4848 1587 4917 peccatorum
1617 4848 1784 4903 nostrorum

960 4939 1093 5007 exrrptntn
1108 4933 1252 4989 remissio.
1271 4934 1331 4988 l‘er.

1295 5039 1445 5110 I‘rusutic.

996 5139 1128 5196 Votivam
1140 5138 1215 5195 henti
1231 5136 1376 5210 pontilicis
1389 5134 1551 5194 adelwoldi
1564 5137 1784 5195 translationem

961 5227 1009 5300 pia
1023 5227 1206 5284 veneratione
1222 5224 1410 5295 celebrantes,
1422 5230 1507 5299 leque
1517 5243 1625 5284 cernua
1635 5227 1785 5283 devotione

961 5320 1123 5382 exorantes,
1141 5319 1173 5370 nt
1197 5314 1294 5386 ipsum
1314 5331 1367 5372 nos
1391 5316 1467 5389 opud
1493 5316 1678 5374 clementiam
1701 5318 1783 5370 tuam

961 5406 1123 5465 sentiamus
1139 5402 1245 5460 habere
1261 5407 1428 5476 patronum,
1445 5421 1532 5477 quem
1549 5408 1598 5461 tun
1620 5404 1713 5479 gratia
1726 5402 1784 5461 lar·

960 5491 1056 5566 giente
1071 5490 1176 5548 salutis
1192 5495 1303 5549 eternae
1324 5492 1486 5552 meruimus
1508 5493 1657 5569 suscipere
1676 5491 1783 5569 magis·

960 5586 1048 5642 trum.
1067 5580 1120 5641 Por
1134 5579 1294 5643 Christum.

1604 5687 1623 5749 d
