3900 6090
120 262 193 326 titt
499 255 657 322 usuum
679 260 731 322 DE
753 257 942 323 PDIMDDD.
965 254 1122 324 GOENOD.
1147 252 1440 325 GANDDDSHDIM.
1745 247 1823 319 ll&

120 398 203 466 lliuc,
221 412 294 469 ques
310 391 405 468 poscit
419 409 503 466 opus,
517 395 599 467 prius
609 394 855 467 acquirens⁸³sibi
866 410 946 450 sum·
960 394 988 462 A
1003 393 1109 451 Omnia
1124 397 1276 452 materiam
1292 400 1412 469 possent
1426 393 1549 453 traxisse
1559 389 1714 468 petrinam.

850 481 859 557 [
863 487 942 555 ptus,
1000 484 1073 540 Hine
1089 485 1184 558 magis
1199 490 1287 558 atque
1302 487 1397 558 magis
1412 489 1471 541 tete
1489 485 1642 541 conamine
1662 480 1769 538 mentis

119 576 255 632 Protinus
269 572 398 629 eeclesiae
413 573 576 629 construxit
591 573 700 629 moenia
714 571 842 644 pulchrae
857 572 890 638 55,
1000 575 1135 630 Fautores
1149 574 1260 647 templi,
1278 575 1394 630 Domini
1410 576 1465 631 sub
1480 575 1589 629 honore
1604 571 1750 639 sacrandi,

117 669 185 734 oua
203 663 343 736 splendor
357 662 432 717 lucis
445 662 609 734 designavit
621 663 782 718 rutilantis.
1000 663 1151 718 lnstabant
1166 663 1245 735 operi
1261 681 1328 718 mox
1343 668 1426 718 nocte
1442 663 1546 735 dieque
1560 661 1678 718 recenti.

117 757 176 812 Hac
189 754 280 826 igitur
296 768 386 808 causa
403 752 498 806 suerat
514 752 535 785 55
547 753 611 822 jam
624 755 719 823 empta
732 751 870 806 secunde.
1035 751 1091 806 Sed
1107 753 1166 807 dux
1179 752 1344 819 Liudulsus‚
1362 753 1475 824 primus
1492 752 1540 824 qui
1557 750 1690 807 eonditor
1704 750 1768 821 ejus

116 843 246 901 Coenebli
262 842 318 896 sub
334 840 442 896 honore
455 839 505 895 Dei
521 840 700 895 constructio
716 841 818 895 nostri.
999 841 1102 896 Extitit
1116 846 1144 896 ot
1159 858 1229 896 cura
1244 841 1329 911 eujus
1346 842 1487 913 processit
1501 842 1581 914 erigo

118 934 231 990 Interea
245 930 357 1002 lapides
373 932 525 984 structura
542 930 746 985 convenientos
999 929 1101 985 Omnis
1117 934 1269 985 structure
1285 931 1421 1000 precibus
1436 930 1624 1001 poscentibus
1640 928 1717 993 Oda,

118 1023 181 1079 Non
199 1023 319 1092 potuere
334 1017 406 1073 loeis
421 1016 551 1073 nancisci
564 1035 684 1090 prorsus
701 1018 730 1071 in
748 1017 821 1083 illis;
999 1016 1073 1072 Proh
1086 1017 1182 1072 dolor!
1195 1017 1391 1072 adsummum
1401 1016 1820 1089 nenduxitopusstudiesum.

120 1111 202 1167 Undc
218 1124 330 1163 moram
345 1105 447 1179 templi
464 1107 574 1179 patitur
589 1106 726 1177 perfectio
739 1106 835 1178 empti.
999 1106 1055 1161 Sed
1071 1105 1213 1160 naturalis
1230 1123 1305 1160 saeva
1320 1110 1416 1161 tactus
1433 1122 1502 1161 noco
1518 1104 1622 1160 mortis

119 1199 277 1257 Abbatissa
292 1197 342 1253 sed
357 1213 374 1251 a
388 1180 512 1250 Domino
529 1212 650 1267 sperans
671 1194 855 1250 llathumeda
999 1195 1118 1268 Cogitur
1133 1201 1199 1250 ante
1214 1212 1300 1250 suum
1319 1195 1419 1250 factori
1437 1196 1556 1250 reddere
1572 1195 1673 1250 ilatum
1685 1193 1823 1264 (anecd),

121 1289 280 1360 impetrare
295 1286 351 1340 lide
366 1285 500 1340 erodente
516 1301 547 1340 se
559 1285 580 1319 55
595 1284 695 1340 omniu
709 1300 805 1357 posse,
998 1287 1092 1351 Quam
1108 1284 1348 1356 persectadomus
1359 1284 1473 1339 Domini
1486 1285 1559 1340 soret
1570 1282 1671 1339 inclita
1683 1297 1821 1355 prorsus;

120 1376 286 1449 Frangebat
296 1390 359 1430 sese
373 1373 464 1428 nimio
480 1389 608 1445 persepe
623 1373 732 1440 labore,
999 1373 1208 1446 commisitque
1225 1391 1284 1430 suae
1299 1390 1371 1430 earm
1388 1374 1539 1429 moriendo
1555 1371 1673 1440 relictae,

119 1466 208 1522 Nocte
223 1463 328 1536 dieque
343 1462 401 1518 Deo
417 1461 509 1517 sacris
524 1462 631 1517 studiis
647 1460 835 1528 famulando;
998 1465 1091 1535 Atque
1106 1462 1168 1519 suis
1184 1463 1273 1532 natis,
1289 1464 1414 1519 ducibus
1430 1479 1520 1535 supra
1532 1461 1713 1527 memoratis,

119 1555 155 1610 lit
168 1552 371 1625 subjectarum
387 1548 489 1605 multis
501 1549 543 1605 illi
558 1551 687 1618 sociatis,
998 1551 1100 1607 Totius
1116 1551 1227 1607 infandi
1240 1552 1261 1586 55
1277 1552 1392 1623 pondus
1408 1567 1567 1623 curamque
1581 1550 1699 1616 laberis,

119 1641 240 1700 Goelitus
256 1638 357 1695 auxilii
375 1638 457 1711 petiit
473 1637 618 1694 solumina
632 1639 711 1707 ferri,
997 1641 1126 1696 Exorans
1141 1641 1214 1696 votis
1231 1645 1262 1696 ut
1278 1641 1457 1712 complerent
1472 1640 1612 1697 studiosis

120 1734 161 1790 Na
176 1747 234 1786 non
251 1728 413 1801 perlectum
428 1733 592 1783 remaneret
607 1745 681 1800 opus
697 1728 769 1783 bene
785 1731 923 1800 emptum.
998 1730 1120 1785 Omnem
1137 1729 1259 1786 coenobii
1274 1733 1454 1785 structuram
1472 1729 1650 1802 pcrlloiendi.

119 1821 178 1877 Noc
192 1835 285 1885 mera,
302 1815 449 1872 coelestem
466 1832 555 1888 quam
572 1817 720 1888 querebat
735 1818 872 1888 pictatem
1000 1818 1090 1891 Cujus
1106 1820 1136 1874 in
1152 1819 1273 1890 antiquo
1288 1835 1393 1890 corpus
1409 1818 1572 1874 uenerabile
1588 1818 1696 1889 templo

120 1908 218 1967 Sensit
232 1906 335 1962 adesse
350 1907 370 1940 55
387 1905 449 1961 suis
462 1905 536 1961 votis
552 1908 719 1977 promptam
734 1905 755 1939 55
771 1904 912 1961 misereri.
999 1909 1082 1964 Tune
1097 1906 1207 1978 gremio
1224 1912 1306 1963 terrea
1321 1908 1560 1963 commendatum
1580 1906 1635 1962 suit
1648 1910 1731 1978 apte;

120 1998 194 2053 Nam
206 1994 369 2068 jejunando
385 1992 475 2049 sacris
491 1993 687 2065 precibusque
698 1993 828 2049 vacando
999 1994 1073 2052 Ossa
1088 1997 1139 2052 sod
1156 2012 1301 2051 annorum
1317 2000 1383 2067 post
1397 1996 1538 2051 decursus
1551 1995 1718 2067 aliquorum

121 2085 194 2142 Cum
205 2085 351 2156 prostrata
365 2082 412 2137 die
427 2082 553 2152 quadam
566 2081 661 2152 jacuit
675 2097 760 2137 secus
780 2097 872 2149 aram,
1000 2086 1075 2142 Sunt
1088 2086 1142 2141 bae
1156 2085 1178 2120 55
1194 2085 1223 2139 in
1239 2083 1362 2140 ccclesia
1377 2083 1521 2140 translata
1536 2083 1659 2138 locanda
1680 2081 1803 2137 novellu.

120 2173 208 2230 Vocis
222 2173 393 2237 mansuetas,
409 2170 431 2204 55
447 2169 567 2225 monitis
583 2169 659 2224 exire
668 2170 791 2241 jubetur
1000 2176 1109 2231 Forsan
1126 2174 1161 2229 ad
1177 2174 1231 2230 hee
1246 2175 1268 2209 55
1283 2173 1367 2228 illum
1384 2173 1495 2229 mundo
1511 2172 1588 2228 Deus
1603 2169 1726 2227 obstulit
1736 2171 1804 2239 iste,

121 2265 217 2336 Atque
233 2261 316 2333 sequi
331 2258 489 2327 volucrem,
506 2275 595 2330 quam
610 2260 633 2293 55
644 2259 708 2330 jem
730 2275 885 2332 progressa
900 2274 944 2315 se·
1000 2263 1076 2319 Dum
1090 2263 1137 2317 vix
1152 2264 1174 2297 55
1189 2261 1283 2317 atatis
1300 2261 1395 2317 febres
1410 2262 1431 2295 '⁶¹
1448 2260 1545 2333 tetigit
1560 2259 1732 2328 mediocres,

242 2354 246 2363 '
816 2347 945 2422 [dentem
1000 2351 1127 2408 illustris
1140 2351 1254 2406 domnas
1271 2354 1337 2422 post
1352 2350 1412 2404 hac
1429 2354 1460 2405 ut
1475 2348 1591 2421 plenius
1607 2349 1673 2404 Ode

122 2441 257 2498 Cerberei
271 2439 301 2494 in
317 2437 378 2494 saxi
393 2437 549 2509 cujusdam
564 2436 671 2492 verlice
687 2437 797 2510 magni·
904 2494 910 2507 ,
1000 2443 1082 2500 Mons
1098 2443 1212 2497 intenta
1223 2441 1245 2475 55
1260 2440 1329 2507 Dee,
1346 2444 1446 2511 posset
1460 2442 1584 2493 tractare
1600 2454 1738 2510 superna,

122 2531 247 2605 Ipsaque
262 2526 458 2600 complectens
473 2526 572 2580 animo
588 2531 731 2597 praecepto
747 2530 858 2598 parate,
999 2533 1108 2605 Expers
1124 2529 1250 2586 earnalis
1266 2528 1357 2584 totius
1373 2545 1494 2599 prorsus
1510 2527 1629 2582 ameris.

121 2619 287 2685 ueraciter,
304 2615 391 2671 dictis
404 2615 525 2671 credens
540 2631 575 2669 ex
589 2615 676 2670 corde
686 2614 837 2686 jubentis;
1000 2620 1058 2677 Nee
1073 2626 1171 2674 tamon
1188 2617 1289 2673 auxilii
1305 2615 1436 2672 solamon
1451 2616 1575 2687 denegat
1591 2614 1645 2681 illi,

121 2711 161 2764 Ae
175 2705 362 2764 cementariis
378 2720 478 2759 secum
494 2702 623 2776 sumptis
638 2703 712 2758 bene
727 2701 826 2776 goeris
1000 2710 1056 2765 Sed
1072 2708 1229 2780 prestabat
1244 2722 1329 2778 opem
1345 2705 1431 2760 solita
1443 2704 1550 2777 pictate
1562 2709 1718 2769 recentem,

121 2797 250 2853 Perrexit
262 2794 349 2851 citius
365 2810 422 2867 quo
438 2792 522 2849 duxit
537 2792 664 2864 Spiritus
680 2792 786 2860 almus,
999 2800 1061 2864 Qua
1075 2798 1097 2830 ⁷³
1112 2793 1232 2852 suffulto
1247 2779 1316 2850 suas
1331 2796 1431 2866 posset
1445 2792 1585 2848 ditescere
1602 2809 1715 2848 nonnas

121 2886 218 2942 Donec
233 2883 410 2955 ademptum
425 2881 446 2916 ⁶¹
463 2881 588 2952 perrexit
604 2879 701 2935 nobile
717 2880 872 2952 templum·
999 2884 1143 2942 Omnibus
1157 2883 1203 2939 his
1218 2884 1316 2950 robus,
1334 2886 1432 2937 noster
1446 2882 1564 2954 quibus,
1575 2880 1687 2953 indiget
1702 2898 1784 2937 usus.

122 2974 184 3030 lllie
199 2970 388 3029 candidulam
403 2969 476 3025 vidit
491 2969 618 3025 residere
634 2967 800 3025 columbam
999 2977 1073 3047 Ergo
1089 2973 1134 3030 sui
1150 2976 1260 3041 natam,
1277 2971 1441 3043 Liutgarda
1456 2971 1478 3004 55
1492 2971 1610 3025 nemine
1630 2970 1750 3035 dictam,

121 3064 155 3119 In
172 3058 318 3134 designati
333 3061 355 3094 ⁶³
371 3058 507 3131 precelso
523 3056 629 3113 vertice
644 3057 724 3125 Μὴ
999 3064 1079 3119 Nutu
1095 3061 1247 3118 clementis
1260 3061 1337 3133 regis
1352 3064 1509 3132 prestante
1523 3059 1671 3132 perennis,

121 3154 190 3218 Qua
207 3166 273 3204 mcx
287 3147 423 3220 expansis
438 3145 563 3201 volitans
579 3151 765 3217 precesserat
779 3146 844 3215 alis,
959 3134 981 3201 C
1000 3152 1093 3224 Elegit
1103 3151 1200 3206 clarus
1217 3150 1394 3205 Francorum
1409 3166 1459 3204 rex
1469 3148 1647 3204 Ludowieus

121 3242 278 3312 Temperat
293 3241 379 3309 atque
395 3252 483 3291 suum
498 3252 556 3290 non
569 3240 651 3291 sueto
666 3252 747 3291 merc
760 3235 890 3291 volutum
1000 3241 1091 3314 Regni
1107 3243 1271 3296 consortem
1287 3238 1407 3293 sibimet
1431 3237 1600 3309 sociamque
1616 3238 1638 3271 ⁷³
1653 3252 1822 3310 perennem,

122 3330 224 3392 Posset
240 3331 272 3381 ut
286 3327 308 3361 ⁶³
323 3342 423 3381 aereos
437 3326 460 3359 5
475 3324 585 3379 directo
601 3325 720 3379 tramite
740 3322 838 3379 sulcos
1000 3330 1090 3387 rinus
1107 3329 1185 3385 totus
1200 3328 1267 3398 (te),
1284 3328 1368 3399 enjus
1385 3328 1461 3383 cono
1478 3326 1633 3382 liudulfus

121 3417 195 3474 Cum
209 3415 297 3472 sociis
311 3414 470 3487 gradiendo
486 3413 568 3484 sequi
585 3411 757 3485 virguncula
772 3412 891 3468 Christi.
1000 3418 1136 3490 Suscepit
1151 3417 1280 3489 primum
1297 3415 1420 3487 propr-in
1436 3415 1530 3487 gentis
1544 3416 1738 3471 dominatum.

121 3507 254 3578 Cumque
271 3502 408 3559 columba
421 3499 944 3570 locumvelitansvcnissctadillum,
1000 3510 1067 3574 Qua
1084 3506 1186 3579 regina
1202 3504 1321 3576 quidem
1337 3505 1422 3558 uobis
1438 3504 1473 3558 ad
1489 3505 1713 3576 prosperitatem

121 3598 214 3663 Quem
229 3610 307 3648 nune
323 3608 381 3646 nen
392 3589 521 3647 sterilem
531 3589 764 3661 magnisscimus
774 3590 833 3645 fore
843 3591 944 3662 petris,
1001 3597 1099 3665 Facta,
1115 3611 1174 3649 sua
1189 3595 1312 3664 dignum
1328 3597 1436 3646 sanctu
1451 3592 1538 3647 matri
1559 3592 1735 3647 famulatum

122 3683 306 3740 Descendens
322 3684 431 3735 terram
446 3684 540 3734 rostro
556 3683 741 3750 percusserat
756 3677 849 3743 illam,
1001 3685 1131 3749 prestat,
1147 3698 1231 3753 opem
1248 3682 1270 3714 55
1286 3679 1362 3752 rogis
1375 3680 1518 3750 prebens,
1536 3679 1645 3750 proprii
1661 3679 1797 3747 senioris,

121 3773 182 3830 Sub
197 3772 282 3843 cujus
296 3768 408 3841 lapides
423 3768 572 3823 latuerunt
587 3783 691 3839 aggere
710 3765 819 3839 plures.
1000 3772 1151 3844 Multaque
1164 3772 1184 3805 55
1201 3767 1331 3825 canobio
1347 3766 1483 3840 promisit
1499 3767 1653 3822 commoda
1675 3770 1776 3823 nostro
1791 3768 1824 3822 55.

121 3864 183 3928 Quo
198 3865 279 3915 certa
291 3858 314 3893 55
327 3857 389 3913 viso
405 3856 511 3913 Christi
527 3855 703 3928 dignissima
717 3855 799 3929 virgo
1037 3862 1151 3916 Interea
1165 3857 1272 3913 christi
1287 3857 1367 3928 virge
1383 3854 1452 3910 felix
1468 3854 1663 3910 tlathumoda.

121 3949 289 4007 Emundare
303 3946 400 4002 lecum
416 3945 512 4002 socios
526 3949 701 4018 praeeperat
715 3945 824 4016 ipsum,
1001 3952 1075 4008 Cum
1086 3945 1186 4022 'gregis
1201 3946 1334 4000 undenos
1351 3959 1451 3999 curam
1468 3942 1513 3998 bis
1529 3948 1660 4016 gesserat
1675 3959 1779 4014 anuos,

121 4037 307 4109 Tellurisque
322 4050 440 4108 gravem
456 4033 592 4089 s⁰die11d0
608 4033 740 4089 8θὶ515056
756 4032 862 4090 molem
878 4036 910 4089 ⁶⁸·
1002 4040 1089 4098 Ocius
1104 4039 1134 4092 in
1150 4036 1265 4092 Christo
1281 4033 1410 4089 moriens
1420 4031 1555 4088 transivit
1567 4032 1603 4087 ad
1614 4037 1694 4088 astra
1701 4034 1826 4105 (aegil),

122 4130 184 4196 Quo
200 4126 286 4194 lucto,
302 4128 459 4198 praestante
473 4123 521 4197 pia
536 4123 667 4180 bonitate
682 4140 820 4195 superna,
1002 4129 1153 4199 Gerbcrgae
1169 4128 1303 4180 tenerum
1318 4120 1467 4177 commisit
1482 4118 1556 4176 ovile
1571 4123 1743 4195 regendum.

122 4216 212 4289 Copia
227 4230 401 4287 magnarum
416 4215 597 4269 monstratur
612 4211 707 4267 multa
726 4217 893 4284 petrarum;
1003 4219 1068 4274 Hae
1084 4215 1140 4270 suit
1154 4211 1261 4268 illustri
1278 4210 1396 4267 cuidam
1411 4210 1597 4282 nimiumque
1612 4210 1723 4282 petenti

122 4306 205 4362 Unde
220 4303 391 4359 monasterii
407 4319 473 4358 cum
489 4299 598 4373 temple
615 4301 723 4357 uroenio
738 4302 823 4373 ooepti
1003 4307 1186 4378 Desponsata
1199 4301 1270 4369 viro,
1288 4299 1455 4357 Dernharde
1470 4301 1492 4334 55
1508 4298 1625 4354 nomine
1639 4298 1716 4356 dicte
1734 4316 1740 4352 :

158 4393 240 4449 Vers.
256 4393 319 4447 275.
962 4382 986 4447 D
1037 4395 1119 4450 Vers.
1136 4392 1199 4447 320.

800 4488 921 4548 VARIAE
939 4491 1147 4552 esuriebas.

157 4591 180 4624 55
195 4588 352 4661 adquirens
368 4589 393 4642 4.
432 4589 454 4622 55
469 4588 579 4659 pulcre.
597 4586 805 4643 Desiderantur
820 4605 921 4647 versus
934 4592 1076 4648 deficiunt
1091 4590 1149 4645 due
1165 4588 1296 4642 carmina
1313 4587 1338 4641 l.
1354 4587 1382 4640 15
1399 4585 1472 4654 Quod
1488 4585 1514 4639 3.
1528 4584 1561 4639 de
1574 4584 1680 4640 duobus
1702 4582 1825 4640 versibus

121 4659 459 4789 letlttttttttt
469 4657 659 4785 littei
674 4655 1829 4800 {iltttttettttttt”tlteltttli‘ttttttttttt⁰¹tt¹tt

121 4804 235 4860 deeset.
253 4804 292 4857 15.
308 4804 423 4858 extet2.
462 4802 483 4835 55
501 4803 540 4856 ite
554 4804 581 4856 2.
598 4802 634 4856 ad
651 4803 756 4856 sesel.
774 4803 815 4857 lb.
853 4805 875 4840 55
890 4823 974 4878 prem
998 4812 1060 4862 tum
1078 4806 1116 4860 lb.
1157 4800 1354 4856 ⁵⁹duleisenae
1369 4804 1396 4853 2.
1413 4798 1444 4853 V.
1463 4816 1502 4853 m.
1519 4797 1565 4853 die
1586 4799 1714 4870 quadam
1735 4797 1827 4865 locuit

122 4892 209 4932 secus
223 4875 346 4928 aroml.
367 4873 586 4928 lbeleibeitm
604 4880 752 4928 correctum
767 4882 797 4928 ut
811 4875 842 4929 in
854 4883 939 4933 texte
1013 4880 1052 4933 ito
1077 4878 1204 4947 l.qucm
1228 4873 1355 4927 teet.
1394 4872 1414 4904 55
1432 4871 1590 4941 inemptum
1614 4870 1728 4940 corripit
1741 4871 1768 4924 3.
1806 4870 1829 4905 ⁶¹

125 4944 331 5002 ite2.3.lnde
351 4944 601 5016 signantius.
639 4945 662 4978 55
677 4943 765 5000 Posse
788 4949 858 5002 tunc
879 4951 903 5004 1.
921 4950 960 5004 15.
999 4950 1022 4984 55
1036 4947 1177 5004 aethereos
1202 4945 1228 4998 l.
1243 4942 1315 4998 deest
1339 4943 1376 4996 15.
1416 4942 1438 4975 55
1454 4945 1532 4996 certo
1556 4943 1625 5013 conj.
1640 4942 1667 4996 3.
1684 4943 1785 5012 recepit
1799 4941 1825 4996 4.

124 5016 172 5074 ssd
185 5016 221 5074 ud
234 5015 315 5088 virgo
331 5014 502 5087 referendum
515 5021 563 5081 est,
579 5023 663 5071 meuc
677 5016 739 5070 licet
753 5017 848 5073 invite.
886 5021 909 5056 55
923 5021 1017 5077 Primo
1034 5022 1071 5075 ite
1082 5016 1195 5074 eunden
1215 5014 1376 5070 sententium
1401 5014 1536 5068 exteteret
1556 5020 1634 5084 pecto
1648 5030 1657 5066 .·
1670 5012 1706 5066 ut
1720 5011 1828 5067 molem

121 5093 208 5147 terre
223 5086 474 5143 circumfodiendo
490 5101 598 5141 secare.
635 5087 657 5121 55
672 5087 795 5143 infantis
812 5089 836 5143 1.
855 5091 897 5145 lb.
912 5090 1040 5164 ingentis
1056 5092 1125 5162 corzj.
1141 5089 1168 5141 3.
1185 5086 1315 5157 recepitt
1351 5085 1373 5119 55
1389 5082 1428 5138 ibi
1445 5086 1471 5138 l.
1509 5084 1532 5118 55
1548 5085 1584 5138 ite
1601 5084 1671 5188 cenq'.
1688 5083 1714 5137 3.
1732 5080 1829 5138 adhue

123 5160 210 5216 ¹.1e.
247 5159 270 5192 ⁷⁰
286 5175 319 5212 ae.
335 5175 362 5212 v.
380 5159 405 5212 1.
443 5159 464 5193 ⁷¹
482 5159 565 5212 fines.
589 5199 594 5210 .
618 5200 624 5211 .
646 5158 802 5214 mediocris
817 5162 888 5232 conj.
904 5163 931 5216 3.
969 5157 1302 5218 ”tertbiutcntatal
1341 5155 1362 5189 55
1377 5157 1415 5210 ite
1440 5157 1480 5211 lb.
1497 5156 1565 5220 Quae
1585 5155 1611 5209 1.
1661 5151 1829 5227 ‘lutgarde

124 5229 371 5302 l.luitgardalb.
410 5230 486 5284 ⁷⁵ite
514 5230 583 5301 conj.
605 5230 632 5284 3.
658 5247 771 5285 sacram
794 5247 830 5285 uc
854 5234 878 5287 1.
905 5233 946 5289 lb.
985 5235 1099 5289 ⁷⁸ite3.
1117 5232 1245 5286 lacunam
1272 5228 1396 5298 ccpleuit.
1424 5227 1458 5281 Dt
1483 5231 1550 5281 uate
1573 5227 1598 5281 l.
1615 5226 1735 5297 conjicit.
1752 5225 1782 5282 P.
1799 5241 1827 5281 ο.

122 5301 318 5359 decumbit.
358 5301 620 5355 viceeemnam
647 5303 745 5373 explet.
765 5247 935 5359 l'lurimoi.
974 5303 1213 5360 ⁷⁸nostra1.lb.
1251 5298 1432 5354 ’⁶⁹Dernrado
1456 5300 1483 5352 3.
1510 5299 1639 5353 corrosit.
1665 5313 1700 5351 ex
1727 5300 1755 5351 2.
1778 5296 1828 5352 aei
1866 5336 1869 5345 .

123 5382 215 5430 mesen
229 5380 255 5427 et
268 5371 429 5443 Garburgis
446 5372 554 5442 lepitur.

839 5529 844 5537 Ι
921 5463 1039 5523 ND'l'AE.

160 5561 219 5632 (42)
233 5559 373 5617 Ludevici
388 5559 567 5617 Germanici.
