3908 6082
122 228 191 318 518Ι
615 232 667 295 ΒΕ
689 232 823 297 aasrls
845 231 1033 297 robarati
1053 235 1331 302 cauatausmtt.
1767 242 1827 307 tit

122 383 194 427 cum
209 381 356 425 consensa
371 363 590 424 lratmmviilas
613 367 740 425 Stratum
765 373 793 424 ct
818 367 950 425 Gosinia·
966 369 1145 441 Acceptum,
1162 371 1263 426 atbco
1285 371 1461 429 concedente
1486 371 1559 431 satis
1584 370 1703 448 elegans
1726 376 1832 448 perfec·

123 472 185 525 aaa,
202 461 232 512 et
245 455 423 512 abbatiolam
440 456 532 511 sancti
549 457 690 519 Ursmari,
707 462 735 512 et
749 457 836 513 alium
862 474 950 529 quam
1010 463 1084 513 tum.
1102 459 1133 514 la
1149 462 1233 532 cujus
1250 461 1370 516 introitu
1387 462 1453 517 iecit
1467 463 1656 532 vestibulum,
1667 464 1698 520 in
1714 481 1771 537 quo
1783 483 1835 538 per

122 543 258 601 Waslaro
275 544 485 599 monasterium
508 550 622 600 vocant.
639 547 695 601 Sed
721 546 784 617 ipse
809 545 907 601 locum
922 533 956 581 ³⁹³
1010 548 1217 604 subterraneos
1230 555 1344 604 iocatus
1360 567 1442 622 aqua
1459 551 1579 607 ductum
1594 552 1671 620 lecit,
1688 571 1750 625 qum
1766 571 1835 610 sur-

123 638 260 690 uostrum
276 648 393 705 semper
405 649 554 701 execrans,
572 634 670 689 abbati
690 634 814 689 insidias
841 635 953 689 machi·
1009 653 1075 690 sum
1091 637 1234 693 ebulliens
1248 638 1355 693 ibidum
1372 640 1514 695 scaturire
1527 641 1650 709 ridetur,
1664 643 1834 698 concavaria

124 722 262 788 nabatur,
280 721 492 794 instigantibus
507 740 574 778 cum
588 723 622 757 ³¹³⁴
632 723 666 778 ad
681 723 734 778 boc
747 724 781 757 ³⁹⁵
794 722 952 778 nonnullis.
1009 722 1077 779 huic
1092 726 1233 795 superiori
1247 726 1426 797 receptaculo
1439 733 1609 798 preceperata,
1625 746 1689 800 qua
1700 746 1751 801 per
1761 747 1833 801 qua·

124 810 201 879 Quid
217 809 319 867 multis
334 827 430 866 morer
443 811 499 865 ³²⁶?
513 811 556 865 rtd
572 811 626 866 boe
642 829 689 866 res
711 811 799 875 venit,
817 815 849 866 ut
863 812 954 868 abbas
1009 814 1076 866 tuor·
1091 812 1233 868 foramina
1254 813 1282 867 in
1307 814 1461 885 supposita
1485 814 1543 870 alia
1571 833 1678 888 aquam
1704 818 1832 886 cribans,

124 899 241 957 eederet
259 898 333 964 loco,
350 899 446 954 sciens
471 899 514 954 sic
538 916 654 972 quoque
676 900 847 972 episcopum
870 899 952 955 uelle.
1008 900 1203 956 sufficicatem
1221 901 1359 957 iratribus
1375 904 1662 961 administrationem
1679 923 1760 979 aqua
1772 909 1833 964 dis·

123 989 200 1044 liam
221 989 257 1043 dc
279 1004 313 1043 eo
339 987 410 1042 nihil
440 994 574 1044 nostrum
599 994 644 1044 est
668 987 748 1044 aliud
774 989 879 1044 dicere.
897 989 952 1044 lta-
1007 987 1092 1044 tillat.
1114 991 1194 1056 Quod
1221 991 1405 1046 relectorium
1423 1008 1439 1047 a
1454 994 1562 1048 domno
1583 993 1758 1050 'tiedone‘⁰²
1772 997 1833 1069 epi·

123 1077 250 1142 tberius,
276 1081 309 1131 ut
331 1077 498 1133 ostenderet
523 1077 629 1150 prioris
651 1076 812 1133 inimicitia
836 1093 951 1146 causas,
1008 1094 1094 1150 scopo
1109 1084 1311 1135 consecratum
1327 1082 1370 1135 est
1386 1096 1454 1135 cum
1469 1080 1560 1138 cercis
1575 1086 1603 1137 et
1618 1082 1834 1142 timiamateriis

123 1165 225 1222 lecum
247 1166 371 1232 invadit,
383 1171 413 1222 et
436 1171 571 1222 metuens
596 1166 711 1222 abbatis
736 1166 952 1223 animositatem
1007 1169 1037 1222 et
1052 1167 1130 1222 omni
1146 1185 1203 1240 qua
1216 1169 1321 1223 domus
1337 1170 1536 1226 consecranda
1551 1175 1595 1226 est
1611 1177 1764 1244 apparatu.
1780 1175 1833 1230 llc·

124 1255 276 1328 simulque
290 1256 494 1327 cognationem
511 1258 585 1327 ejus,
603 1273 666 1327 qum
684 1261 819 1312 uenerat
839 1257 951 1321 intima,
1007 1255 1126 1312 clesinm
1143 1256 1235 1311 sancti
1252 1256 1345 1324 Pauli,
1362 1274 1450 1329 quam
1476 1259 1606 1331 llungari
1630 1261 1831 1330 incenderant,

124 1342 291 1401 claustrum
306 1342 337 1398 in
362 1344 482 1400 modum
508 1344 620 1401 castelli
646 1345 746 1417 cingit,
763 1346 798 1401 dc
813 1361 953 1400 mammo·
1006 1343 1119 1410 retexit,
1136 1344 1181 1399 cui
1196 1345 1316 1399 domum
1333 1344 1518 1401 infirmorum
1541 1347 1675 1414 annexit;
1693 1348 1833 1405 obambu-

124 1431 246 1499 nasibi,
262 1436 295 1488 ut
310 1431 435 1501 dicebat,
453 1434 570 1489 residuo
586 1434 771 1505 quorundum
786 1433 951 1508 principum
1006 1429 1143 1487 latorium
1159 1431 1290 1499 claustri,
1307 1432 1332 1486 si
1348 1431 1390 1487 ita
1404 1433 1561 1488 dicendum
1583 1438 1676 1488 est-
1692 1435 1832 1507 quoniam

125 1520 163 1577 ad
187 1521 244 1576 boc
267 1524 365 1592 empto
391 1522 556 1593 adjutorio;
573 1521 696 1578 ecclesia
720 1539 836 1595 quoque
858 1522 952 1578 saneti
1007 1535 1083 1574 uuric
1099 1536 1158 1574 non
1181 1519 1260 1574 aliud
1285 1520 1431 1590 quomodo
1456 1520 1669 1577 nominandum
1684 1523 1718 1558 *θ’
1732 1522 1772 1578 sit
1787 1540 1833 1580 oc·

124 1608 260 1674 Dionisii,
275 1626 364 1682 quam
381 1614 492 1666 emerat
506 1628 523 1665 a
538 1610 644 1666 comite
660 1611 784 1667 Robertu
799 1611 900 1683 uiginti
917 1610 951 1666 li·
1006 1607 1098 1662 currit
1112 1606 1285 1662 vocabulum
1301 1638 1345 1673 —-,
1360 1607 1473 1663 nullum
1497 1614 1559 1664 erat
1582 1615 1686 1683 prater
1710 1609 1832 1683 capituli

125 1698 248 1754 brarum
262 1702 360 1754 taxato
377 1699 482 1770 precio,
500 1699 590 1770 hujus
610 1699 650 1754 rei
676 1716 766 1755 causa
787 1703 889 1772 sponte
905 1716 951 1755 ca·
1006 1694 1127 1751 domum
1142 1701 1171 1751 ct
1182 1694 1308 1768 ligneam
1320 1695 1483 1766 codiculum,
1494 1714 1558 1769 qua
1570 1697 1675 1770 prioris
1688 1700 1832 1756 refectorii

126 1787 197 1844 ruit.
222 1788 280 1844 Nec
304 1786 387 1860 quid,
413 1792 569 1860 quantum,
596 1787 677 1844 cuiue
701 1789 737 1844 ob
753 1790 786 1825 ⁸⁹³
802 1788 831 1842 id
855 1789 948 1855 daret,
1001 1784 1126 1855 januam
1141 1784 1556 1856 t·esciebat⁸⁰⁵quaannuattm
1572 1787 1833 1862 scindulis⁸⁰⁸ope

125 1876 287 1949 quiequam
313 1874 396 1947 pensi
420 1875 533 1931 habuit.
560 1877 634 1942 Quid
659 1875 878 1949 pluratrtnnus
903 1875 951 1932 illc
1006 1873 1198 1940 aiebatur⁸⁰⁶;
1215 1873 1265 1927 sed
1285 1873 1334 1927 ubi
1360 1874 1510 1929 exsiccatae
1535 1879 1627 1942 erant,
1646 1875 1707 1931 loco
1730 1877 1832 1932 obser-

126 1963 169 2020 aic
184 1964 293 2019 ductus
308 1968 362 2030 est,
375 1964 466 2019 donec
477 1965 510 1999 ³⁹⁸
521 1964 676 2019 defunctus
688 1968 732 2019 est
743 1964 884 2020 Eucaerus
895 1964 953 2036 epi·
1005 1961 1122 2016 uetant
1137 1963 1180 2015 ⁸⁰³.
1198 1961 1256 2016 Hoc
1272 1960 1321 2016 illc
1336 1961 1432 2034 lapide
1448 1962 1547 2029 cinxit,
1560 1968 1588 2019 ct
1599 1964 1675 2020 iacta
1684 1965 1833 2039 contigna-

126 2067 235 2123 acopus
249 2055 278 2108 et
292 2050 323 2106 iu
336 2051 399 2108 loco
409 2053 444 2087 ³⁹⁹
454 2052 518 2123 ejus
529 2052 694 2125 Nethgerus
705 2053 951 2124 succcssit.Cujus
1006 2048 1096 2117 tiene,
1111 2050 1260 2107 asseribus
1276 2052 1308 2085 ⁸⁹⁸
1324 2067 1392 2106 cum
1409 2051 1508 2107 lcrrcis
1525 2051 1614 2110 claris
1638 2053 1719 2109 texit.
1736 2054 1833 2113 becle-

126 2139 201 2212 (125)
217 2139 308 2196 animi
324 2141 406 2197 dotes
421 2145 449 2197 et
463 2141 605 2197 virtutum
626 2158 774 2197 summam
791 2143 815 2197 si
832 2158 951 2215 pergam
1006 2139 1051 2195 sia
1065 2138 1135 2210 quia
1149 2156 1201 2211 per
1215 2155 1245 2193 se
1261 2138 1333 2195 satis
1349 2139 1467 2212 elegans
1482 2144 1553 2210 crat,
1565 2145 1598 2197 ut
1609 2141 1638 2196 iu
1650 2143 1832 2201 ornamentis

128 2228 235 2297 dicere,
252 2230 391 2303 quoniam
406 2229 502 2287 adhuc
521 2236 656 2303 superest
680 2232 764 2299 (126),
783 2230 895 2286 adulari
910 2231 952 2286 vi·
1006 2227 1167 2299 elegantior
1181 2229 1351 2284 redderetur
1365 2245 1483 2301 operam
1500 2229 1595 2298 dedit;
1612 2247 1703 2303 quam
1719 2233 1754 2289 de
1769 2232 1834 2306 pul·

129 2317 233 2374 deber.
249 2316 344 2373 Unum
370 2335 423 2392 pro
447 2322 525 2375 certo
551 2319 708 2374 dicendum
737 2324 790 2386 est,
808 2319 885 2391 (quod
909 2319 953 2374 vir
1006 2316 1077 2371 ebra
1101 2316 1166 2371 lecit
1190 2317 1428 2388 pulcherrimam.
1443 2319 1535 2391 Cujus
1559 2319 1660 2376 altaris
1686 2320 1830 2393 tabulam,

126 2407 176 2476 sit,
192 2406 223 2462 in
235 2423 320 2479 quem
337 2408 460 2479 spiritus
475 2407 526 2463 Dei
542 2408 652 2463 donum
667 2404 815 2480 singulare
829 2405 954 2462 contulit
1007 2404 1076 2476 quia
1090 2403 1172 2460 nulla
1186 2409 1256 2472 crat,
1273 2405 1341 2460 lecit
1356 2410 1540 2477 argenteam;
1553 2407 1674 2463 domum
1687 2408 1782 2482 ipsam
1793 2409 1833 2466 al·

127 2495 468 2562 veritatisettldei.011i
492 2496 593 2552 nolens
618 2495 779 2568 primordia
803 2512 856 2552 sua
880 2495 953 2551 levia
1006 2492 1079 2548 turis
1093 2492 1657 2568 etlaquearipsiusapprime⁸⁰⁹pinxit;
1670 2497 1831 2571 pulpitum·

128 2589 183 2641 aut
196 2583 377 2658 precipitata
390 2584 502 2652 haberi,
519 2584 644 2641 evocatis
659 2585 827 2655 abbatibus,
837 2585 952 2641 Woriu-
1007 2597 1063 2653 tque
1078 2581 1218 2655 evangelii
1233 2581 1284 2637 tali
1301 2582 1387 2636 modo
1403 2581 1472 2637 lecit
1486 2585 1530 2650 ⁸¹⁰,
1547 2589 1579 2639 ut
1594 2589 1693 2640 essent
1706 2591 1833 2658 quatuor

124 2672 211 2730 fredo
224 2671 359 2729 videlicet
375 2672 565 2729 aStabulaus
578 2677 605 2730 et
621 2673 770 2730 Heriberto
795 2673 831 2729 ab
856 2675 952 2730 Anda·
1007 2667 1147 2724 emicedia
1162 2667 1335 2724 altrinsecus
1350 2668 1493 2741 eregioae
1505 2669 1534 2724 in
1546 2671 1666 2726 modum
1678 2673 1774 2731 crucis
1784 2692 1833 2747 pc·

120 2761 207 2835 gina,
225 2777 292 2818 cum
308 2761 457 2836 aliquibus
467 2762 752 2834 iratribus‚primum
766 2762 954 2836 conspiratio·
1007 2756 1073 2825 sita,
1091 2774 1154 2829 qua
1169 2773 1203 2811 ex
1216 2772 1270 2812 are
1285 2755 1457 2825 ductilia,et
1471 2758 1507 2813 ad
1519 2757 1634 2814 libitum
1648 2760 1770 2819 artificis
1781 2779 1833 2835 per

120 2847 174 2907 nis
197 2849 317 2906 exordia
340 2849 454 2923 querit,
479 2851 596 2906 inventa
624 2850 749 2907 trutinat
771 2855 800 2906 et
821 2850 951 2918 discutit,
1007 2846 1071 2903 loca
1084 2847 1229 2918 scalprata
1240 2848 1272 2881 ⁸¹¹
1289 2849 1319 2902 et
1334 2847 1485 2915 deaurata,
1497 2847 1631 2919 postibus
1642 2849 1831 2923 undiquesse-

118 2936 264 2996 discussa
278 2938 523 3011 demumjudicio
539 2940 642 2995 utitur.
662 2938 715 2995 Ubi
730 2938 876 3011 perspexit
890 2956 952 2996 om·
1007 2937 1107 2993 cus⁶¹²
1131 2935 1339 3008 deargentatis,
1365 2937 1395 2990 in
1425 2936 1645 3009 septentrionali
1675 2945 1758 3013 parte
1786 2943 1830 2997 su·

122 3025 177 3084 nia
199 3043 264 3084 esse
287 3026 399 3095 frivola,
421 3027 525 3084 iratres
550 3027 647 3083 abbati
671 3026 838 3085 reconciliat
853 3029 895 3098 ⁸⁰⁰,
912 3027 954 3102 ip
1007 3024 1090 3080 silem
1107 3025 1215 3081 habeat
1225 3025 1355 3097 aquilam
1367 3024 1476 3098 optime
1489 3027 1659 3084 deauratam
1671 3030 1704 3065 ⁸¹³
1715 3045 1778 3103 qua
1789 3030 1833 3087 in-

118 3132 196 3174 nam
225 3115 362 3173 restituit.
391 3115 547 3172 liutherius
575 3115 679 3172 Alnam
710 3117 874 3188 revertitur,
902 3116 951 3172 ubi
967 3106 989 3172 G
1008 3112 1831 3191 tardumalasstringit,interdumalisextensiscapacem

124 3208 262 3277 uterque,
280 3203 949 3277 ipsevidelicctetabbas,sibireconciliatus,
1005 3204 1228 3276 Evangeliorum
1257 3204 1349 3259 codici
1379 3203 1475 3259 locum
1505 3205 1607 3277 pandit
1631 3208 1717 3278 (127),
1742 3206 1831 3263 collo-

126 3295 166 3351 da
189 3293 301 3367 reliquo
324 3292 433 3367 deguit.
451 3295 505 3360 Qui
531 3299 632 3366 postea
656 3295 733 3365 apud
759 3294 950 3364 Namurcum,
1005 3309 1062 3365 que
1082 3292 1166 3364 quasi
1191 3310 1243 3364 pro
1259 3291 1343 3347 libitu
1359 3293 1393 3327 ‘¹‘
1407 3292 1563 3350 artificiose
1587 3295 1623 3350 ad
1649 3295 1829 3351 audiendum

127 3399 197 3440 cum
213 3383 253 3439 ibi
267 3384 340 3438 forte
350 3398 419 3438 cum
430 3383 535 3439 comite
545 3383 761 3455 aliquantulam
776 3389 950 3451 moraretur,
1005 3386 1112 3436 retorto
1126 3382 1168 3447 ⁸¹⁵,
1186 3381 1329 3436 immissis
1344 3382 1377 3416 ⁶¹⁰
1392 3381 1496 3452 prunis
1513 3382 1702 3455 fragrantiam
1727 3400 1826 3456 super·

121 3471 187 3529 uita
200 3472 335 3528 decessit
352 3471 443 3544 Cujus
459 3488 564 3545 corpus
579 3473 615 3527 ad
632 3489 686 3527 nos
701 3471 840 3540 delatum,
858 3473 952 3544 ponti·
1004 3469 1134 3543 impositi
1151 3469 1245 3524 thuris
1262 3468 1379 3524 emittit.
1397 3469 1428 3525 ln
1445 3469 1617 3526 occidentali
1633 3476 1730 3528 autem
1748 3477 1830 3545 parte

123 3560 262 3618 ficalibus
276 3561 406 3633 exequiis
422 3560 593 3617 solemniter
611 3560 776 3627 celebratis,
793 3561 951 3617 honorifice
1004 3558 1136 3629 ejusdem
1153 3557 1287 3613 ambonis
1306 3574 1408 3611 versus
1434 3557 1575 3629 populum
1600 3558 1667 3614 lecit
1691 3559 1783 3616 altare
1799 3561 1829 3617 in

123 3653 172 3706 est
194 3648 374 3705 tumulatum
389 3651 421 3684 ⁸⁰¹
441 3649 472 3705 in
497 3648 619 3704 ecclesia
641 3648 734 3704 sancti
759 3648 889 3704 Ursmari
913 3649 950 3704 ad
1004 3645 1144 3701 bonorem
1159 3650 1266 3700 sanctae
1283 3645 1378 3700 crucis
1393 3649 1421 3699 et
1434 3645 1567 3700 omniurn
1584 3652 1765 3716 sanctorum,
1781 3649 1829 3706 cui

125 3741 240 3811 partem
255 3737 466 3810 aquilonarem.
1003 3739 1032 3791 et
1047 3732 1176 3790 tabulam
1193 3737 1362 3805 argenteam
1377 3734 1591 3805 anteposuit‚ct
1602 3736 1727 3807 desuper
1739 3736 1830 3793 vivia

158 3827 204 3882 29.
223 3827 295 3884 Pace
309 3827 395 3884 nobis
407 3844 459 3898 per
473 3827 522 3882 Dei
538 3827 663 3899 gratiam
683 3826 830 3898 Notbgero
846 3832 950 3899 agente
1004 3840 1068 3880 cum
1085 3822 1165 3878 illam
1182 3822 1297 3878 Domini
1314 3822 1485 3894 imaginem,
1501 3837 1590 3894 quam
1606 3823 1714 3881 nostris
1728 3826 1825 3884 adbuc

124 3914 297 3971 firmissima
309 3914 424 3980 collata,
439 3915 566 3970 domnus
580 3916 736 3986 episcopus
752 3914 892 3970 Leodium
909 3933 950 3972 re·
1003 3913 1089 3968 terris
1103 3909 1362 3982 incomparabilem
1379 3909 1440 3981 ipse
1451 3910 1598 3982 quendam
1610 3915 1642 3967 ut
1652 3914 1758 3971 lacerat
1768 3932 1829 3971 ma·

121 4003 256 4072 vertitur,
273 4004 419 4077 reliquum
435 4009 553 4076 tempus
569 4003 598 4058 in
614 4004 786 4059 innovandis
798 4003 856 4061 sive
867 4006 948 4062 deco·
1002 4016 1060 4074 gno
1076 4000 1172 4072 precio
1185 3998 1377 4064 locaverat‘¹⁷,
1387 3999 1534 4055 erexitlle
1547 4000 1658 4073 reliquo
1671 4007 1775 4060 ornata
1785 4022 1829 4061 ec·

125 4093 226 4150 randis
240 4093 353 4149 cedibus
363 4097 392 4148 et
402 4091 608 4148 ecelesiasticis
619 4093 706 4149 rebus
716 4092 948 4164 multiplicandis
1002 4085 1490 4158 clesiasticoetdemultiplicatione
1506 4086 1649 4145 librorum
1660 4090 1691 4146 in
1701 4094 1828 4150 armario

124 4182 401 4249 consumens.Nam,
414 4187 447 4237 ut
457 4198 557 4238 verum
570 4182 723 4249 fateamur,
732 4181 831 4238 nullus
841 4185 949 4255 prede·
1002 4195 1060 4234 non
1075 4182 1158 4232 vacat
1173 4175 1285 4242 dicere;
1302 4175 1411 4231 sullicit
1425 4192 1459 4231 ex
1480 4179 1629 4249 superfluo
1644 4179 1698 4236 hoc
1713 4182 1747 4217 ⁴¹⁸
1762 4184 1827 4238 teti·

125 4285 274 4328 aeesorum
289 4286 423 4349 suorum,
439 4276 584 4343 quantum
598 4271 767 4327 recordatur
781 4272 947 4344 opinio‚illo
1000 4270 1089 4342 gisse.
1116 4268 1194 4324 Fecit
1216 4272 1245 4322 ct
1259 4282 1395 4322 coronam
1411 4272 1589 4340 argenteam,
1607 4270 1636 4324 in
1652 4286 1711 4341 qua
1724 4287 1827 4327 versus

124 4357 252 4431 amplius
268 4356 458 4415 Leodleasem
472 4359 626 4415 ecclesiam
646 4359 733 4414 rebus
748 4359 838 4426 auxit,
855 4359 947 4416 aedifi-
1001 4357 1129 4431 scripsit.
1147 4356 1226 4412 llecit
1240 4361 1267 4411 et
1281 4371 1440 4427 campanas
1455 4356 1530 4412 duas
1546 4358 1683 4428 majoros,
1700 4376 1826 4430 quarum

122 4444 176 4503 ciis
193 4445 366 4502 nobilitavit.
377 4446 536 4503 Creveruat
549 4445 599 4502 illo
615 4452 745 4519 tempore
761 4448 829 4502 etin
845 4465 946 4505 mona·
962 4474 986 4538 D
1001 4464 1102 4515 anam,
1118 4463 1181 4517 qua
1207 4445 1336 4500 maxima
1358 4450 1429 4512 crat,
1448 4450 1548 4500 sancto
1574 4446 1667 4511 Petro,
1684 4451 1713 4503 ot
1737 4447 1825 4505 aliam

123 4534 211 4590 sterio
227 4540 327 4591 nostro
342 4534 466 4591 aedificia
480 4535 633 4605 nonnulla,
649 4535 790 4592 instinctu
806 4537 945 4611 episcopi,
1001 4539 1101 4591 sancto
1117 4534 1255 4590 Ursmaro
1271 4531 1351 4589 dedit
1361 4533 1404 4587 ⁸¹⁹.
1415 4534 1445 4589 lu
1459 4534 1515 4589 iata
1526 4550 1627 4590 versus
1638 4534 1679 4589 bii
1690 4534 1824 4609 inscripti

121 4638 209 4696 opera
238 4623 353 4680 abbatis
383 4624 468 4681 facta.
499 4624 695 4681 defectorium
720 4625 946 4683 aiundamento
1001 4630 1098 4682 sant:
1124 4624 1206 4680 lusae
1221 4622 1350 4678 Fcttcutai
1378 4639 1421 4678 mc
1448 4622 1569 4679 cca-didit
1597 4624 1713 4695 artificis
1727 4641 1826 4682 munuc

804 4768 925 4826 letlAE
944 4767 1143 4828 ascalonas

155 4908 459 4967 ”monasterium
498 4908 620 4966 ³“deest
644 4912 669 4965 1.
708 4910 860 4967 ³⁰⁵haee2.
898 4912 932 4950 ³⁹⁸
947 4930 1047 4970 moror
1059 4916 1086 4968 2.
1125 4908 1208 4964 ³⁹⁷ob
1231 4907 1259 4962 id
1283 4907 1420 4962 decuria.
1459 4907 1492 4940 ³⁰⁰
1507 4907 1581 4963 dd.
1600 4924 1624 4963 e.
1643 4924 1668 4964 e.
1686 4908 1784 4965 decora
1799 4911 1823 4964 1.

121 4978 268 5037 ⁸”locum
280 4983 309 5036 2.
347 4980 633 5038 ⁸⁰⁰reconciliaritt.
672 4982 705 5015 ⁸⁰¹
722 4982 940 5055 retiquocupitis
960 4983 1098 5041 munti.
1137 4978 1297 5033 ⁸⁰²nedenc
1314 4980 1338 5032 1.
1377 4977 1582 5033 ⁸⁰³diccndum
1596 4981 1624 5034 2.
1663 4980 1824 5036 ⁴⁰⁸nescie-

122 5050 174 5107 bat
189 5052 215 5106 1.
253 5052 430 5108 ⁸⁰⁸scedulis
452 5051 620 5108 asciculis
645 5053 671 5107 1.
709 5053 936 5111 ‘livestiebatur
958 5059 985 5110 2.
1024 5054 1057 5092 ⁸⁰⁷
1072 5049 1273 5107 deserviebant
1287 5052 1313 5102 2.
1353 5048 1581 5105 ‘⁰⁸assilibusl.
1623 5051 1781 5124 ⁸⁰'optime
1795 5055 1823 5107 2.

121 5121 298 5179 ⁸¹⁰ssnrit2.
336 5122 536 5196 ‘¹¹sculpta2.
577 5123 757 5229 ⁸¹¹undique
781 5141 812 5180 se
836 5127 1014 5184 secastiz
1052 5125 1086 5158 ⁸¹³
1101 5124 1320 5193 deargentatam
1334 5122 1362 5173 2.
1401 5118 1580 5177 ιιι1151102.
1619 5123 1697 5178 “let
1716 5123 1824 5179 iterum

121 5193 244 5250 reducto
257 5193 420 5251 addliucb.
458 5195 648 5251 ⁴¹⁸invisisl.
687 5196 707 5229 ‘¹
734 5194 806 5252 deest
822 5197 847 5250 l.
862 5200 890 5252 2.
929 5197 962 5232 ⁸¹⁸
975 5195 1031 5253 hoc
1047 5198 1162 5250 tautum
1177 5195 1203 5247 2.
1243 5188 1457 5246 ⁸¹⁹dedieavit?

917 5338 1033 5394 NOTAE.

156 5462 233 5528 (125)
248 5461 291 5516 Ct.
308 5462 446 5518 Einhardi
464 5461 559 5519 Vitam
575 5462 672 5519 Karoli
686 5479 710 5518 c.
729 5464 771 5517 18.
1036 5460 1108 5531 (127)
1121 5459 1224 5531 Aquila
1239 5476 1312 5516 area
1326 5460 1470 5532 ejusrrrodi
1494 5461 1523 5517 in
1549 5462 1669 5520 basilica
1691 5463 1821 5536 Aquensi

157 5533 232 5601 (126)
246 5532 324 5590 Fbiit
339 5552 365 5590 a.
385 5535 463 5590 1008.
999 5538 1102 5590 exstat.
1119 5533 1163 5587 55.
1745 5563 1749 5571 ·
