3900 6090
119 314 198 378 1103
529 313 794 379 HROTSUITHAE
815 311 997 378 MONIOLlS
1020 305 1416 376 annosuslmlllunsls
1753 303 1832 368 ttot

117 448 195 506 m
210 448 251 505 Do
266 446 375 520 sophin
392 446 471 514 rivis,
488 450 606 519 septeno
622 447 701 503 fonte
712 447 871 505 manantis.
957 448 986 518 Α
1000 445 1111 503 Β11111
1125 443 1278 518 potestatis
1293 443 1506 499 delectamenta
1520 440 1636 513 prioris,

153 537 284 608 Cumque
300 536 347 608 pio
364 536 436 591 satis
447 535 580 591 exhausti
597 553 686 607 puero
701 537 775 592 foret
786 537 853 610 ipsi,
997 534 1216 607 Despectusque
1231 548 1349 606 gravem
1366 531 1432 588 facti
1449 528 1617 603 nuperrime
1632 532 1758 585 sortem.

117 625 211 698 Digne
223 624 376 680 confestim
392 628 544 696 provectus
559 625 678 692 11111111,
696 625 841 697 gradatim
998 623 1056 679 Nee
1071 622 1191 694 laqueos
1206 621 1312 676 harum
1328 623 1489 675 retraxerat
1503 618 1693 684 insidiarum,

117 713 305 770 Perveniebat
320 713 357 767 ad
373 713 503 768 officium
520 713 638 769 sibimet
653 714 725 769 satis
742 717 853 785 aptum,
999 713 1095 768 Donec
1111 710 1260 782 captivum
1275 708 1384 765 Christi
1400 708 1484 762 diruit
1499 707 1555 763 sihi
1569 724 1702 763 servum.

116 802 197 869 Quod
213 800 314 873 lingua
328 800 407 875 vulgi
424 803 535 858 scimus
547 803 659 858 dictum
675 803 852 858 erre-derunt.
999 801 1057 856 Nee
1073 817 1164 865 mora,
1181 799 1225 853 vir
1237 799 1331 864 fortis,
1347 798 1406 852 vita
1422 795 1591 867 meritisque
1607 794 1747 858 calabrie,

115 889 175 946 Hac
189 889 280 964 igitur
295 891 368 946 tanti
384 908 492 963 pompa
507 891 672 963 splendoris
684 894 800 962 adopta,
1000 887 1105 944 Mentis
1117 889 1254 943 virtutem
1271 887 1392 941 demens
1407 886 1555 956 abjecerat
1570 900 1704 950 ornnem,

116 977 248 1034 Pontifici
264 997 295 1035 se
311 980 478 1051 subjectum
493 980 628 1052 cleroque
644 980 810 1036 modestum
999 978 1056 1032 Nec
1072 977 1261 1032 tentamentis
1277 976 1390 1031 studuit
1407 978 1515 1029 restare
1531 972 1678 1039 selandia,

116 1066 252 1135 Praebuit,
261 1072 348 1139 atque
365 1069 446 1140 pium
459 1069 756 1140 populo,eunctisquc
773 1068 943 1140 benignum,
1000 1066 1055 1121 Sed
1072 1065 1164 1120 vietus
1175 1064 1275 1131 cessit,
1291 1061 1565 1135 mentisqnedolore
1582 1061 1718 1128 tabescit,

116 1154 339 1228 Commissaque
354 1157 433 1229 gregi
451 1159 547 1212 studio
563 1161 685 1230 praeerat
699 1156 841 1230 vigilanti.
1001 1153 1113 1226 Quique
1125 1155 1206 1225 prius
1223 1152 1298 1225 plohi
1315 1153 1424 1225 sprevit
1440 1152 1575 1224 princeps
1591 1150 1756 1216 dominari,

117 1243 243 1302 Maxime
258 1244 309 1300 sed
324 1243 431 1300 Christi
449 1245 581 1300 minimis
597 1246 773 1318 miserisque
789 1246 910 1319 pupillis
999 1242 1122 1298 dilectat
1133 1241 1210 1313 juris
1225 1257 1348 1314 pompas
1365 1258 1444 1296 nunc
1459 1239 1616 1295 inferioris.

116 1333 157 1390 Ac
172 1332 261 1389 castis
275 1333 382 1402 viduis,
400 1350 453 1390 nec
468 1353 525 1390 non
537 1335 651 1391 cunctis
665 1335 838 1408 peregrinis,
1000 1332 1141 1399 Tandem,
1159 1330 1299 1386 seductus
1315 1334 1420 1386 cecato
1436 1329 1521 1385 corde
1535 1327 1682 1398 misellus,

117 1420 221 1478 Vestes
235 1425 264 1478 ct
277 1422 388 1478 victum
402 1423 504 1478 dextra
518 1424 624 1479 tribuit
639 1425 713 1480 bene
727 1423 821 1497 larga,
1001 1420 1163 1486 Quemdam
1178 1435 1348 1491 perversum
1364 1418 1449 1504 petiit
1465 1417 1589 1473 festinus
1604 1417 1780 1484 Hebraeum,

118 1509 344 1583 Hospitiumquc
359 1511 441 1584 vagis
457 1530 609 1584 nunquam
621 1512 776 1568 claudebat
791 1514 899 1586 egenis.
1001 1509 1055 1576 oui
1072 1508 1186 1580 magica
1202 1507 1301 1580 plures
1319 1505 1433 1579 decepit
1447 1507 1549 1563 fraude
1564 1504 1679 1574 fideles,

118 1597 191 1655 Hinc
206 1597 297 1672 igitur
312 1615 432 1656 consors
448 1602 544 1656 omnis
561 1601 674 1656 dovotio
689 1600 783 1672 plebis
999 1597 1077 1655 no
1094 1596 1343 1668 Prolambensque
1354 1612 1434 1662 suas,
1452 1599 1597 1667 prostrato
1607 1609 1746 1666 corpore,
1758 1592 1839 1666 plan·

115 1686 228 1743 11111111
243 1690 344 1744 111111
360 1688 457 1744 cordis
474 1689 619 1760 pendebat
635 1689 665 1744 in
682 1687 743 1758 illo,
1001 1682 1748 1759 Ipsiusauxiliumssagitatlacrymandonofandum.
1772 1687 1837 1752 ttae,

117 1775 218 1848 Ipsum
234 1792 286 1833 eeu
303 1776 419 1833 dulcem
434 1782 611 1833 venerantur
626 1778 752 1834 amando
777 1781 927 1850 parenten.
962 1826 986 1891 B
1002 1774 1065 1844 Oui,
1083 1792 1172 1847 super
1185 1773 1310 1830 errantis
1324 1773 1425 1845 lapsus
1438 1773 1602 1846 gaudendo,
1616 1771 1784 1845 malignus,

152 1868 267 1921 Interea
281 1865 325 1920 vir
340 1882 525 1922 summorum
543 1865 650 1939 praesul
667 1866 841 1922 meritorum
1002 1865 1091 1921 Nocte
1107 1861 1208 1936 procul
1222 1862 1312 1918 dubio
1324 1862 1417 1933 jussit
1431 1862 1544 1918 venisse
1559 1861 1672 1930 futura,

117 1952 237 2011 Coelltus
252 1956 406 2026 acceptum
418 1954 524 2010 direxit
534 1955 570 2010 ad
585 1954 692 2010 athera
707 1955 822 2010 ilatum.
999 1953 1177 2017 Promittens
1192 1955 1359 2025 promptam
1373 1950 1528 2024 despectus
1541 1965 1605 2006 1111
1619 1949 1786 2019 medelam,

118 2042 180 2108 Quo
196 2057 264 2096 nam
280 2041 429 2108 defuneto,
443 2042 554 2114 gremio
571 2046 714 2114 terraque
729 2041 834 2112 locato,
1003 2043 1033 2100 Si
1049 2041 1179 2116 parendo
1193 2041 1257 2097 suis
1271 2039 1358 2097 vellet
1373 2043 1489 2095 tantum
1504 2038 1635 2095 suadelis

118 2129 270 2186 Consensu
282 2129 367 2202 plebs
381 2130 527 2186 clamabat
541 2131 724 2187 concorditer
737 2130 844 2200 omnis,
1003 2131 1063 2188 Sub
1079 2129 1188 2186 ditione
1205 2129 1251 2186 sui
1268 2128 1397 2201 posthac
1413 2128 1545 2184 habitare
1560 2127 1728 2201 magistris.

119 2218 312 2291 Respondeas
328 2218 399 2275 cleri
413 2220 498 2288 votis,
515 2221 619 2276 eadem
633 2220 791 2292 cupientis,
1038 2219 1090 2277 iiis
1105 2217 1152 2275 hic
1167 2217 1267 2274 infelix
1282 2217 1403 2274 monitis
1417 2221 1522 2290 captus
1534 2216 1610 2272 maie
1625 2215 1763 2283 blandis,

120 2306 204 2364 Hunc
220 2308 281 2365 fore
294 2308 450 2381 praecipuis
466 2312 567 2382 aptum
579 2309 693 2365 meritis
707 2311 769 2366 vice
780 2310 929 2376 domnam,
1003 2307 1150 2365 Demonis
1165 2307 1307 2379 obsequio
1324 2307 1392 2363 saevi
1407 2306 1498 2379 gestit
1513 2304 1640 2379 religari,

119 2394 158 2454 Ut
168 2396 286 2453 culmen
301 2397 380 2453 sodis
395 2401 527 2469 captaret
542 2397 731 2470 pontificalis,
1003 2400 1065 2466 Quo
1081 2397 1123 2454 sic
1138 2396 1306 2452 umbratilis
1322 2412 1429 2452 manus
1446 2395 1603 2451 meruisset
1617 2394 1758 2464 honoris,

120 2484 236 2542 Summi
251 2485 397 2558 pontificis
413 2502 573 2559 curamque
589 2491 700 2543 teneret
715 2487 809 2544 ovilis.
1003 2488 1096 2553 Quem
1112 2503 1164 2543 nee
1180 2486 1331 2559 signatum
1348 2485 1432 2559 signo
1448 2488 1555 2541 sancte
1572 2482 1670 2540 crucis
1685 2483 1779 2554 aimo,

120 2573 179 2631 1111
194 2591 310 2647 quoque
326 2576 502 2647 persuadere
517 2594 570 2632 suo
582 2576 805 2647 metropolitano
1004 2576 1060 2633 Sed
1077 2590 1161 2649 mage
1176 2574 1346 2631 demonicis
1360 2574 1558 2630 confidentem
1575 2572 1719 2642 suadelis,

120 2662 252 2719 Pontifici
268 2663 386 2736 scriptis
402 2664 582 2720 festinabant
596 2665 653 2720 cito
670 2665 780 2733 missis„
1004 2665 1091 2722 Ocius
1106 2663 1156 2720 illa
1171 2680 1276 2737 magus
1287 2680 1387 2720 secum
1404 2662 1487 2719 duxit
1501 2662 1677 2719 maledictus

119 2753 209 2824 Cujus
220 2752 332 2824 judicio
349 2753 439 2809 statui
451 2759 552 2825 pastor
566 2754 692 2826 sapienti
1004 2755 1098 2811 Trans
1111 2754 1224 2820 urbem,
1242 2752 1298 2809 sub
1315 2753 1467 2808 nocturnis
1484 2755 1596 2809 secreto
1612 2753 1758 2823 tenebris,

120 2840 228 2900 Debuit
242 2840 370 2898 ecclesian
385 2843 437 2897 tali
452 2843 616 2915 condignus
630 2843 750 2899 honore.
1005 2842 1107 2899 Intulit
1121 2842 1209 2914 inque
1220 2841 1318 2898 locum
1335 2840 1427 2897 multe
1443 2841 1650 2914 phantasmate
1665 2842 1804 2915 plenum,

91 2978 95 2983 .
156 2929 211 2996 Qui
227 2930 358 2987 bonitate
368 2932 421 2987 viri
438 2936 588 3004 comperta
602 2949 731 3005 namquo
745 2932 875 3005 benigni,
1005 2932 1038 2987 11
1053 2948 1112 3004 quo
1124 2931 1244 2987 tartarei
1260 2930 1444 2986 steterentin
1459 2933 1540 2986 veste
1556 2929 1653 2987 coloni

120 3018 157 3076 Se
172 3018 388 3094 completurum
400 3021 536 3093 promisit
550 3021 624 3077 velle
639 3026 822 3093 precantum,
1004 3019 1102 3088 Albas,
1119 3019 1257 3076 candelas
1271 3019 1370 3092 plures
1386 3019 1524 3076 manibus
1539 3020 1714 3077 retinentes.

120 3107 156 3166 st
169 3108 284 3165 venisse
294 3109 388 3165 virum
400 3110 493 3181 jussit
508 3111 654 3166 maturius
668 3111 778 3183 ipsum,
1006 3110 1083 3167 Inter
1098 3127 1171 3182 quos
1187 3109 1303 3164 medius
1317 3109 1454 3181 princeps
1470 3107 1616 3164 residebat
1629 3108 1767 3181 iniquus,

119 3196 233 3253 affectu
247 3196 346 3272 populi
362 3202 444 3255 tanto
460 3216 547 3272 quem
566 3200 658 3256 sensit
672 3200 775 3255 amari.
968 3199 990 3265 C
1009 3198 1063 3265 oui
1079 3215 1128 3254 rex
1143 3201 1187 3254 ast
1197 3198 1311 3264 mortis,
1328 3197 1424 3270 proles
1440 3214 1555 3270 quoque
1570 3199 1760 3270 perditionis

120 3284 172 3342 Mle
188 3287 238 3343 sed
253 3304 408 3344 exsecrans
422 3287 512 3343 talem
525 3293 695 3345 constanter
708 3288 860 3357 honorem,
1008 3288 1141 3345 Suadens
1157 3287 1333 3343 damnandis
1347 3290 1445 3343 astuta
1457 3287 1558 3343 fraude
1574 3287 1735 3357 ministris,

121 3374 257 3431 Presulis
271 3375 394 3448 imperio
410 3393 523 3449 parere,
540 3382 637 3449 negat,
654 3377 806 3443 veniendo,
1009 3376 1134 3449 impigre
1150 3375 1263 3432 cunctis
1279 3375 1456 3447 praetendere
1467 3374 1639 3432 calliditatis

124 3461 222 3520 Donec
236 3464 346 3520 invitus
362 3465 499 3534 trahitur,
515 3466 612 3521 turbis
627 3465 817 3537 glomeratur.
1007 3468 1147 3532 Assuetae,
1160 3465 1279 3538 laqueos
1295 3482 1396 3521 omnes
1413 3469 1530 3538 captare
1545 3469 1675 3538 paratos.

124 3551 168 3621 lit,
186 3569 254 3610 cum
269 3554 417 3626 pontificis
434 3558 661 3626 praesentaretur
675 3552 785 3622 ocellis,
1007 3555 1043 3610 st
1057 3570 1183 3627 magnus
1202 3559 1357 3622 errantem,
1375 3554 1578 3626 damnumque
1593 3553 1640 3608 sui
1656 3554 1838 3626 eapientem,

123 3642 202 3699 m
217 3643 333 3699 Stratus
359 3644 492 3716 adusque
515 3643 621 3711 solum,
637 3661 721 3699 voces
741 3645 898 3717 spargebat
920 3643 950 3699 in
1007 3644 1074 3700 Mox
1088 3644 1124 3699 ad
1139 3643 1295 3700 concilium
1311 3643 1488 3715 perducebat
1502 3640 1694 3707 scelerosum,

123 3728 266 3787 infectum
282 3732 361 3787 vitiis
378 3749 441 3787 1111
457 3733 568 3799 dicens,
581 3731 641 3788 fore
657 3731 761 3787 multis
834 3731 949 3805 [ultum
1008 3733 1232 3804 Prostratusquc
1247 3732 1293 3788 sui
1308 3731 1417 3804 plantis
1432 3730 1577 3804 extemplo
1592 3732 1744 3805 magistri,

122 3818 186 3876 Non
201 3824 304 3893 aptum
320 3827 423 3877 sancto
440 3821 547 3877 Christi
563 3820 670 3892 populo
687 3821 843 3889 dominari,
1008 3821 1182 3878 Monstravit
1194 3821 1281 3876 verbo
1297 3837 1428 3887 causam,
1444 3837 1503 3891 qua
1513 3825 1633 3876 venerat
1650 3820 1715 3888 illo,

157 3908 210 3965 His
224 3909 315 3983 igitur
328 3909 460 3982 querulis
473 3910 577 3965 iterata
592 3926 659 3964 voce
675 3909 802 3981 profusis
887 3899 891 3906 ’
1007 3910 1061 3966 Cui
1075 3911 1188 3966 damon
1204 3927 1297 3966 savus
1310 3914 1411 3966 contra
1426 3909 1467 3965 sic
1483 3909 1608 3982 denique
1626 3910 1709 3967 fatus
1726 3928 1734 3966 ι

121 3996 253 4055 11111111
267 4014 404 4054 summus
420 3997 510 4054 cessit
523 4002 672 4070 postremo
688 4003 817 4066 coactus,
1007 4000 1071 4069 Dic,
1085 4000 1134 4068 ait,
1152 3998 1252 4055 auxilii
1268 3998 1379 4071 possim
1392 3998 1465 4071 ⁴quid
1482 3999 1556 4055 ferre
1571 3998 1651 4054 111111

123 4084 265 4158 Huncque
280 4085 368 4154 Deus,
385 4085 453 4142 talis
468 4085 519 4159 qui
534 4086 676 4143 fastidivit
690 4086 820 4155 honoris,
1006 4088 1171 4161 ablutoque
1185 4088 1247 4143 viro
1262 4088 1371 4144 Christi
1387 4087 1573 4159 baptismatis
1589 4088 1691 4144 unda?

123 4165 264 4246 injuncte
279 4191 404 4232 vacnum
420 4193 496 4233 cura
512 4176 658 4233 concessit
672 4176 763 4245 abire,
1008 4177 1039 4235 Si
1051 4194 1135 4235 meus
1150 4193 1214 4234 esse
1230 4177 1322 4250 cupit,
1333 4175 1451 4251 scriptis
1463 4175 1673 4249 Christumque
1688 4180 1822 4252 negabit,

122 4262 311 4322 Constitueus
327 4263 429 4335 alium,
446 4265 565 4322 rectoris
581 4265 699 4322 nomine
714 4265 847 4338 dignum,
1007 4266 1148 4340 illiusque
1163 4264 1325 4338 puellarem
1341 4265 1449 4339 paritor
1464 4265 1654 4335 Genitriccm,

123 4352 178 4421 oui
194 4370 274 4421 nam,
291 4370 453 4427 paucorum
469 4359 535 4427 post
550 4353 705 4410 intervalla
717 4353 845 4423 dierum,
1008 4356 1061 4419 Per
1075 4356 1161 4427 enjus
1176 4359 1293 4427 partum
1310 4355 1406 4428 patior
1420 4355 1545 4412 nimium
1561 4371 1650 4428 grave
1665 4356 1822 4427 damnum,

123 4443 323 4511 Quorumdam
339 4443 455 4501 blandis
472 4444 547 4500 clam
564 4445 704 4499 seductus
715 4443 856 4511 suadelis,
1008 4443 1094 4502 illum
1110 4445 1249 4501 continuo
1264 4444 1370 4501 virtute
1385 4461 1450 4501 mea
1467 4443 1610 4514 relevabo,

122 4532 269 4604 Subjeotis
284 4533 374 4589 alium
391 4534 447 4590 cito
463 4532 623 4605 preposuit
637 4532 854 4600 vicedomnum,
1006 4535 1101 4606 Atque
1116 4534 1206 4590 decus
1222 4532 1290 4590 talis
1306 4534 1450 4607 praestabo
1467 4537 1598 4607 patenter
1613 4532 1752 4608 honoris,

121 4623 216 4695 Atque
228 4621 434 4694 Theophilum,
451 4622 577 4677 summis
600 4621 714 4676 meritis
740 4622 951 4688 venerandum,
1008 4622 1117 4679 Prasul
1131 4626 1163 4679 ut
1178 4622 1240 4694 ipso
1256 4624 1318 4678 suis
1334 4639 1391 4679 non
1405 4623 1603 4678 contradicere
1615 4623 1717 4694 J'ussis

122 4709 212 4768 Movit
227 4712 263 4767 ab
279 4711 385 4778 officio,
402 4709 511 4765 multos
528 4726 585 4780 quo
600 4709 733 4781 fungitur
748 4726 850 4766 annos.
1005 4714 1149 4785 Apponat,
1166 4728 1287 4767 cernens
1303 4728 1405 4768 omncs
1421 4710 1463 4766 illi
1479 4710 1668 4780 famulantes,

121 4797 190 4857 Istic
206 4800 267 4869 sed,
284 4800 397 4872 fragilis
411 4798 540 4854 tolerans
556 4797 701 4868 patienter
715 4797 836 4854 honoris
1005 4801 1157 4867 116011
1188 4817 1266 4855 nunc
1298 4801 1469 4873 despectum
1498 4807 1644 4872 spernunt
1672 4804 1838 4859 venerarier

120 4887 279 4957 Damnum,
296 4889 448 4945 tristitiam
460 4885 542 4960 pellit
558 4888 592 4942 de
608 4891 722 4959 pectore
738 4891 886 4955 cunctam,
1042 4891 1092 4946 His
1107 4906 1172 4946 eam
1188 4888 1340 4946 blanditiis
1353 4889 1488 4962 anguina
1504 4889 1675 4945 calliditatis
1718 4893 1835 4964 [ipsum.

122 4978 334 5049 Gaudebatque
349 4978 421 5034 satis
437 4994 500 5033 seso
512 4978 575 5048 jam
591 4994 676 5048 posse
692 4992 793 5033 vacare
1005 4978 1164 5037 1111111111
1177 4977 1265 5035 verbo
1281 4995 1340 5034 non
1356 4978 1571 5034 contradixerat
1583 4977 1656 5046 ulle,

122 5066 215 5123 'fanto
231 5066 353 5122 liberius
369 5066 466 5122 studio
482 5064 588 5121 Christi
599 5064 769 5132 famulatus,
1005 5067 1060 5123 Sed
1078 5068 1139 5123 fieri
1152 5066 1251 5140 gestit,
1267 5085 1331 5139 quaa
1348 5084 1501 5140 perversus
1517 5069 1604 5124 draco
1621 5068 1730 5136 suasit,

122 5157 235 5223 Quanto
251 5173 388 5212 curarum
405 5172 526 5212 securus
540 5158 602 5210 erat
616 5155 774 5210 variarum.
1005 5157 1137 5213 Proditor
1152 5161 1240 5228 atque
1254 5159 1350 5212 totum
1367 5156 1486 5212 dederat
1500 5173 1530 5212 se
1541 5156 1712 5227 perditioni.

156 5245 252 5317 liujus
269 5250 474 5302 moxmentcm
491 5245 653 5299 detestatur
667 5243 828 5315 patientem
1005 5247 1114 5318 Sponte
1128 5245 1210 5301 dedit
1224 5245 1334 5318 proprii
1351 5245 1482 5301 chartam
1499 5246 1633 5302 scribens
1649 5246 1818 5303 detrimenti

121 5334 225 5391 'fotius
240 5335 363 5392 humani
377 5333 492 5409 generis
508 5333 688 5389 sevissimus
702 5331 805 5400 hostis,
1004 5333 1037 5390 ln
1053 5351 1111 5407 qua
1123 5334 1282 5406 spirituum
1299 5338 1425 5391 testatur
1438 5334 1512 5391 velle
1528 5335 1684 5408 nigrorum

120 5421 166 5492 at,
183 5440 243 5497 qna
257 5425 399 5497 primates
413 5422 528 5496 decepit
544 5422 646 5479 fraude
662 5426 809 5494 parentes,
1003 5423 1075 5480 11111
1090 5423 1145 5479 sub
1161 5422 1277 5479 aeternis
1292 5423 1379 5479 sociis
1392 5440 1444 5496 per
1459 5424 1566 5480 secula
1585 5424 1693 5496 paenis.

121 5510 180 5568 Η11
195 5512 320 5583 hujusce
331 5513 385 5569 viri
401 5513 500 5584 pulsat
514 5511 769 5585 penetraliajusti,
1003 5513 1062 5570 Η11
1079 5513 1129 5571 ubi
1144 5512 1275 5584 perfecit,
1292 5513 1403 5585 passim
1419 5513 1597 5585 phantasma
1612 5513 1747 5582 recessit,

120 5599 276 5689 1111111111
286 5604 351 5679 ejus
367 5602 462 5676 fragili
479 5602 641 5677 sepissime
658 5600 748 5657 menti
1003 5603 1128 5681 ipsoque
1144 5618 1211 5661 cum
1227 5618 1316 5677 pravo
1330 5601 1486 5677 gaudendo
1502 5601 1616 5660 redibat
1631 5602 1741 5682 amico,
