3900 6090
129 186 190 253 305

581 188 633 251 llll
654 187 743 252 Vtra
765 189 931 252 toauuts
953 188 1122 253 anetus
1145 192 1388 260 ooeztuttsts.

1779 194 1839 258 306

129 319 369 397 elegantissimus
383 323 471 394 atque
484 321 718 379 assuetissimus.
734 321 831 378 Primo
853 321 955 378 ordine
969 320 997 389 Α
1012 322 1136 381 dicenda
1151 326 1329 394 deiecerunt,
1346 344 1436 402 quam
1457 324 1581 401 scriptor
1605 327 1726 401 impleta
1750 344 1840 403 mem·

128 412 166 467 ad
183 410 300 485 singula
314 411 466 485 respondit
482 428 488 466 :
506 412 542 469 So
557 411 690 485 legatum
707 412 842 479 missum,
855 428 959 485 praece·

127 501 190 575 ptis
214 500 410 573 imperatoriis
434 501 521 557 fidem
548 500 717 556 inviolatam
743 517 876 568 servare;
899 518 957 557 non

128 589 187 646 sibi
203 590 246 645 las
261 607 336 658 esse,
353 593 385 645 ut
400 589 446 645 cui
465 593 548 646 tanta
564 590 705 661 majestas
719 588 833 645 litteras
848 595 959 647 suaset

127 697 179 736 aas
194 696 251 734 uon
268 678 399 752 signatas
409 677 576 748 crediderit,
587 677 651 735 sino
661 677 707 733 his
719 678 822 733 sociem
835 678 900 749 ejus
911 677 956 734 cui

127 767 258 824 directus
272 767 312 823 sit
326 767 432 834 videet,
450 771 501 823 aut
524 767 636 839 absque
662 766 725 838 ipsa
750 766 778 820 in
805 765 892 840 regis,
909 767 957 823 eui

128 857 226 912 missa
241 861 312 912 sunt
327 856 383 924 ¹¹³³,
400 856 560 912 recitentur
574 861 746 928 conspectu.
764 855 794 911 Si
810 857 851 926 sic
869 855 957 927 patia-

126 951 176 1001 tur
204 947 291 1015 (⁴15),
316 962 346 1002 se
373 946 402 1001 in
428 943 509 1000 nullo
539 945 619 1018 regio
643 943 745 1001 honori
773 944 955 1001 defecturum

128 1035 184 1104 ¹⁷³⁸,
215 1032 366 1107 quia.......
395 1033 493 1090 risset.
524 1031 615 1089 Aliter
642 1032 778 1089 universa
807 1033 905 1104 petius
925 1048 956 1090 se

126 1126 266 1196 genera'
293 1126 506 1179 tormentorum
531 1125 796 1178 'sustentaturum
822 1126 843 1190 ·,
865 1139 955 1194 quam

1014 412 1107 470 brana
1121 414 1195 470 nihil
1209 432 1363 489 superesse
1379 416 1530 474 consessus
1546 421 1600 474 est.

1051 502 1111 557 127.
1130 502 1195 559 Haec
1210 504 1269 577 regi
1286 504 1415 577 praelata,
1438 522 1496 561 nen
1524 505 1553 560 ia
1578 505 1662 573 iram,
1688 509 1723 560 ut
1744 503 1838 578 prius,

1015 593 1143 646 mentem
1167 591 1307 660 incendit,
1332 594 1384 650 sed
1408 593 1531 650 consilio
1559 594 1638 667 regie
1663 598 1673 618 ⁶
1700 593 1838 668 perlata'

1013 683 1107 734 sunt‘
1125 680 1180 734 ¹³⁸⁰.
1197 682 1263 738 lam
1279 681 1393 754 pridem
1409 683 1488 737 enim
1502 700 1519 738 a
1534 682 1608 747 suis,
1619 682 1839 755 quibusrosno·

1013 768 1149 839 strcejam
1167 768 1281 824 luerunt
1306 769 1482 842 pervulgatae
1505 770 1745 827 abstrudendas'
1761 787 1811 828 cas
1826 774 1838 798 '

1013 855 1209 912 commonitus
1224 860 1235 881 ·
1251 863 1313 912 orat
1327 862 1348 924 ',
1365 873 1400 912 ne
1416 861 1426 882 ’
1445 859 1486 892 ¹⁷⁸¹
1502 858 1693 930 imperatori·
1709 860 1755 895 ¹⁷⁴²
1769 875 1837 917 nes·

1012 948 1055 998 tro
1071 943 1214 1000 obluctari
1231 946 1480 1016 temptaretllum
1497 946 1754 1004 bellicosissimum
1764 948 1838 1006 mul·

1012 1036 1109 1088 tarum
1138 1034 1269 1106 gentium
1299 1033 1438 1090 victorem
1460 1038 1471 1057 '
1497 1035 1552 1101 ¹⁷⁴³,
1574 1035 1698 1106 injurias
1722 1053 1835 1108 omnes,
1879 1063 1882 1069 r

1011 1121 1155 1195 precipue
1172 1122 1344 1195 legatorum,
1362 1140 1419 1196 que
1440 1139 1601 1195 numquam
1627 1123 1700 1181 alias
1725 1123 1837 1183 seviore

127 1216 137 1237 ⁶
155 1210 202 1248 ¹⁷³⁵
217 1213 375 1285 quicquam
391 1217 472 1268 extra
490 1228 524 1268 ea
547 1228 610 1284 quae
635 1211 693 1268 sibi
718 1211 830 1268 indicta
856 1216 956 1268 essent
1011 1211 1361 1284 animercpetiturum‚ac
1373 1211 1835 1287 plurimarumeopiisrognorum

127 1301 170 1358 vel
189 1305 332 1375 quantum
357 1317 447 1357 eausa
463 1303 473 1325 ·
489 1300 544 1356 sibi
562 1304 571 1324 ·
589 1300 751 1356 commissa
766 1303 776 1323 ·
794 1299 956 1372 postularet
1011 1301 1130 1367 coactis,
1148 1300 1294 1372 ispaniam
1311 1304 1402 1356 totam
1416 1306 1570 1374 postquam
1586 1301 1674 1359 variis
1689 1302 1836 1360 calamita·

126 1391 197 1426 '¹³³⁸
222 1405 431 1455 excessurum3
461 1394 490 1445 et
513 1389 591 1445 sieut
613 1387 814 1460 superioribus
836 1389 899 1460 jam
923 1403 955 1446 se
1011 1388 1090 1444 tibus
1105 1389 1290 1458 vastavisset,
1305 1390 1380 1446 sorte
1403 1389 1522 1445 tandem
1545 1390 1611 1462 jure
1636 1390 1753 1447 victoris
1777 1392 1833 1449 sibi

126 1479 232 1535 itidem
248 1478 427 1535 terrentibus
444 1479 620 1550 respendere
641 1477 746 1533 *haud
762 1481 773 1501 ·
790 1476 955 1535 distulisset
1010 1477 1223 1549 subjecturum.
1241 1477 1378 1534 Pluribus
1400 1477 1441 1534 ita
1461 1477 1593 1549 jactatis,
1616 1479 1736 1553 quidam
1761 1482 1835 1538 torte

125 1573 149 1639 ²,
167 1568 209 1624 ita
224 1572 235 1591 '
251 1567 296 1604 ¹⁷³⁷
311 1568 336 1623 si
353 1568 441 1625 etiam
458 1565 658 1640 particulatim
674 1573 781 1622 cuncta
796 1566 842 1623 sui
857 1583 956 1640 corpo
1010 1564 1167 1639 suggessit,
1184 1571 1216 1622 ut
1231 1568 1301 1639 quia
1315 1567 1359 1622 vir
1374 1566 1422 1623 ille
1436 1572 1524 1623 tantae
1532 1566 1686 1625 videbatur
1696 1573 1835 1626 constan-

125 1658 168 1712 ris
196 1657 367 1713 membraa
392 1655 524 1712 minimis
549 1655 682 1711 articulis
706 1656 777 1692 ‘¹⁷⁸⁰
803 1657 952 1727 usquead
1011 1654 1069 1720 tie,
1090 1672 1124 1711 ac
1147 1671 1205 1710 non
1231 1655 1355 1711 minoris
1379 1654 1512 1711 arbitrati
1537 1660 1636 1727 posset
1660 1657 1832 1729 prudentias,

124 1761 246 1801 summa
260 1744 360 1801 vitalia
376 1744 532 1801 cotidianis
547 1744 954 1819 resectionibusdecarpercn·
1011 1760 1098 1815 quem
1113 1743 1199 1799 etiam
1216 1744 1290 1799 tanti
1307 1742 1448 1816 temporis
1464 1760 1546 1801 mora
1561 1744 1590 1800 in
1607 1744 1669 1819 lege
1693 1764 1747 1802 sua
1771 1750 1830 1804 tam

125 1838 309 1890 tur—nam
325 1851 382 1890 nen
397 1834 692 1905 majoromumquam
716 1834 879 1890 cruciatum
906 1833 953 1890 iu·
1008 1833 1099 1889 fixum
1115 1836 1317 1890 monstrasset.
1335 1850 1367 1889 ac
1388 1833 1510 1906 proinde
1525 1833 1570 1869 ¹³⁸⁸
1593 1834 1681 1890 iidem
1705 1835 1833 1892 mortali·

123 1923 194 1979 terri
211 1939 310 1996 posse,
326 1938 413 1995 quam
431 1923 454 1978 si
471 1922 557 1979 hodie
571 1921 626 1978 hoc
642 1923 765 1978 articulo
780 1922 877 1995 digiti,
888 1939 953 1978 eras
1009 1922 1064 1977 bus
1079 1939 1137 1977 nou
1153 1923 1320 1994 denegaret,
1339 1923 1362 1976 is
1389 1922 1451 1992 ipse
1475 1937 1563 1994 super
1583 1923 1646 1988 boc,
1664 1923 1733 1994 quid
1758 1926 1832 1981 t'acto

121 2011 227 2077 altero,
245 2011 312 2066 inde
328 2027 379 2083 per
405 2011 467 2066 dies
483 2010 615 2083 singulos
640 2010 777 2084 singulis,
794 2011 860 2066 inde
886 2011 952 2068 bra·

125 2099 204 2166 chio,
222 2115 315 2167 armo,
339 2107 403 2172 post
427 2101 547 2163 temore.
572 2114 655 2155 crure
680 2100 736 2166 ¹¹⁸⁹,
753 2099 834 2172 pede,
852 2101 951 2171 praci-

122 2189 177 2261 sis,
195 2194 343 2262 postremo
360 2193 481 2259 truncus
499 2187 628 2261 reliquus
653 2189 781 2245 fodiatur
795 2220 828 2228 —
844 2206 901 2244 non
918 2206 951 2245 ee

125 2283 223 2334 tamen
246 2295 277 2334 so
301 2278 434 2333 territum
459 2277 558 2350 aliqua
582 2278 694 2334 ratione
724 2293 888 2334 cessurum.
915 2279 950 2334 Se

124 2383 242 2440 quoque
257 2366 330 2423 satis
345 2372 529 2439 compertum
545 2367 652 2424 habere
667 2383 702 2422 ex
716 2367 856 2423 relatione
873 2372 951 2423 ante-

125 2456 300 2512 riorumsibi
310 2455 584 2528 missorum,ipsum
601 2457 767 2528 regemjam
779 2455 948 2524 advertisse,

124 2546 202 2619 quod
218 2545 290 2602 moti
306 2562 363 2602 nen
380 2545 470 2600 nimis
486 2544 548 2616 ipse
564 2544 691 2602 timeret.
710 2545 834 2616 ideoque
846 2561 949 2616 super·

123 2635 219 2691 fluum
234 2650 298 2689 csse
312 2650 346 2690 eo
361 2651 392 2690 se
411 2632 483 2689 velle
507 2639 625 2701 terrere,
648 2634 725 2706 quod
752 2632 813 2705 ipse
837 2631 949 2688 levissi-

122 2740 207 2779 mum
222 2725 380 2796 reputaret,
392 2723 456 2793 jam
471 2721 549 2794 quod
565 2721 733 2793 scripserat,
751 2721 814 2793 ipso
831 2720 949 2777 interle-

121 2817 171 2868 cto
187 2811 301 2867 nullum
318 2811 347 2866 in
363 2813 426 2866 tata
441 2809 558 2882 ispania
571 2809 717 2882 reliquum
735 2809 828 2865 lacere
851 2808 948 2865 Chris·

122 2901 250 2977 tianum,
267 2899 381 2971 sibique
397 2904 510 2955 reatum
525 2903 613 2954 tanta
626 2898 733 2971 stragis
750 2915 767 2953 a
782 2898 839 2954 Dee
863 2897 947 2970 inpu-

1007 2011 1062 2066 sibi
1080 2027 1154 2083 opus
1170 2016 1259 2078 esset,
1275 2010 1485 2067 consuleretur.
1505 2011 1548 2067 lta
1564 2011 1676 2068 nuntiis
1691 2029 1721 2067 se
1734 2029 1834 2069 conve·

1008 2099 1158 2156 aientibus
1173 2103 1329 2172 postquam
1341 2099 1447 2155 ultima
1461 2100 1522 2156 bec
1538 2101 1677 2156 mandata
1693 2101 1831 2174 percepit:

1008 2208 1022 2236 «
1038 2187 1474 2261 Tandem,inquit‚sapientiore
1490 2189 1612 2244 consilio
1630 2206 1691 2245 rem
1707 2194 1832 2249 tracus-

1005 2276 1056 2332 tis.
1077 2276 1106 2331 Si
1123 2293 1189 2332 mox
1205 2276 1288 2333 initio
1303 2278 1331 2332 id
1347 2282 1425 2333 esset
1452 2278 1620 2348 quesitum,
1647 2294 1704 2332 nen
1731 2283 1829 2336 tantas

1005 2366 1087 2422 vobis
1110 2365 1153 2421 vel
1180 2366 1265 2422 nobis
1289 2365 1359 2422 tedii
1385 2372 1412 2421 et
1440 2367 1595 2422 anxietatis
1621 2365 1770 2423 molestias
1786 2372 1830 2425 tot

1006 2455 1101 2525 spatia
1116 2461 1281 2527 temporum
1297 2457 1518 2527 protraxissent.
1535 2455 1617 2510 lianc
1633 2457 1726 2511 citum
1743 2455 1772 2512 id
1787 2455 1830 2513 la·

1005 2543 1060 2598 cilo
1075 2547 1154 2598 extat
1168 2542 1335 2598 consilium.
1354 2543 1486 2600 illittatur
1509 2544 1628 2599 domino
1653 2549 1753 2601 nostro
1776 2544 1832 2602 im·

1004 2631 1129 2703 peratori
1155 2630 1261 2704 legatio
1286 2648 1302 2686 a
1327 2647 1393 2703 rege
1417 2636 1523 2698 vestro,
1548 2635 1581 2687 ut
1603 2631 1675 2688 mihi
1702 2633 1774 2705 quid
1795 2634 1831 2690 do

1004 2718 1171 2776 commissis
1187 2735 1272 2792 agere
1287 2718 1421 2788 debeam,
1446 2718 1606 2776 describat.
1626 2720 1697 2791 Ejus
1723 2720 1831 2779 littoris

1003 2807 1109 2864 iterum
1125 2807 1208 2878 vtsis,
1225 2808 1261 2863 ad
1277 2806 1413 2863 universa
1427 2806 1583 2863 oboediam.
1600 2830 1615 2858 a

1041 2899 1101 2953 128.
1116 2897 1167 2953 His
1183 2896 1243 2970 regi
1260 2896 1415 2962 nuntiatis,
1432 2901 1611 2971 acceptoque
1627 2897 1750 2954 consilio
1766 2903 1831 2956 uta

121 2989 193 3056 tari,
208 2988 237 3043 id
252 2988 337 3061 longe
354 2987 438 3043 aliter
453 3005 484 3043 se
500 2987 616 3054 babere,
633 3003 685 3043 nec
701 3002 732 3042 se
747 3002 867 3043 causam
883 3002 947 3043 esse
1003 2987 1146 3060 prudente
1162 2990 1313 3059 suggesto,
1329 2985 1418 3057 quari
1430 2985 1628 3059 jubeturquis
1644 2987 1699 3042 iter
1713 2989 1830 3043 tantum

120 3077 210 3134 caedis
226 3075 368 3148 ipsorum,
384 3076 434 3132 sed
452 3074 596 3132 malitiam
612 3073 873 3147 crudelitatemque
897 3074 945 3130 ira
961 3057 983 3126 G
1001 3074 1087 3131 vellat
1101 3091 1262 3139 assumere,
1278 3089 1345 3129 eum
1363 3091 1447 3129 rarus
1462 3078 1514 3129 aut
1536 3075 1593 3130 lere
1610 3074 1709 3132 nullus
1730 3075 1829 3148 palam

122 3166 228 3239 ipsius,
246 3163 367 3236 ipseque
393 3181 494 3237 poenas
518 3164 736 3220 interfectorum
761 3163 869 3231 luente,
892 3163 947 3220 sibi
1004 3181 1035 3221 se
1049 3163 1228 3220 ostendendo
1245 3163 1290 3197 ¹⁷⁸⁵
1312 3161 1463 3233 proferret,
1479 3162 1721 3236 propositumque
1737 3168 1825 3232 esset,

121 3271 193 3311 cum
209 3253 282 3325 ipsis
294 3253 476 3326 interemptis
488 3253 603 3310 Christo
614 3251 739 3326 propitio
750 3253 839 3309 vitam
851 3252 949 3309 melio·
1004 3258 1037 3309 ut
1051 3252 1186 3324 quisquis
1201 3250 1271 3306 illuc
1289 3251 1353 3318 iret,
1371 3251 1479 3307 honere
1496 3253 1599 3323 quovis
1622 3252 1713 3325 petite
1734 3258 1763 3308 et
1778 3268 1829 3309 ou·

122 3359 186 3399 rem
202 3342 368 3398 succedere.
385 3341 458 3397 Cum
474 3345 573 3397 muron
589 3341 617 3396 id
642 3357 759 3414 quoque
782 3339 840 3397 Deo
865 3340 949 3398 facile
999 3344 1179 3415 juscnmque
1194 3341 1309 3413 generis
1334 3339 1509 3395 muneribus
1535 3341 1651 3398 retliens
1675 3341 1829 3413 potiretur.

121 3434 202 3487 esset
216 3430 493 3500 commutare‚sicut
508 3428 700 3485 Mardecheus
712 3430 859 3501 quondam
869 3446 950 3486 man·
1003 3431 1133 3488 Tandem
1149 3429 1246 3485 extitit
1261 3429 1337 3483 inter
1353 3427 1482 3500 palatina
1505 3429 1599 3485 offitia
1624 3429 1830 3488 ilecemundus

123 3519 244 3575 daverat
256 3515 357 3573 Hester
373 3534 379 3572 :
394 3518 425 3573 Si
439 3518 561 3574 rwtaeris
584 3534 659 3574 conc
682 3517 854 3585 intercedere,
870 3520 949 3589 sorsi-
1003 3520 1136 3593 qdidam,
1147 3519 1279 3590 adprime
1294 3516 1468 3584 catholicus,
1480 3522 1509 3572 et
1524 3516 1630 3573 litteris
1646 3518 1757 3592 optime
1768 3522 1830 3576 tam

123 3617 171 3664 ura
183 3623 236 3680 pcr
249 3607 372 3679 aliquam
386 3608 553 3663 occasionem
567 3605 861 3674 liberalitatemque,
876 3614 902 3663 et
920 3614 950 3663 to
1004 3613 1268 3678 nostrerumquam
1280 3605 1830 3680 ipsiusintorquosversabaturlinguar

122 3704 150 3754 et
172 3695 270 3753 mmor
294 3702 341 3750 tao
362 3695 488 3767 peribitis
513 3695 597 3768 (tro.
615 3712 652 3763 rv,
677 3694 732 3766 tt),
753 3695 793 3750 ita
819 3699 847 3751 et
871 3712 949 3751 nunc
1003 3696 1131 3753 Arabica
1147 3693 1372 3761 institutusoui
1391 3698 1506 3749 tantum
1522 3693 1552 3748 in
1568 3694 1831 3768 regiahabebatol·

123 3782 520 3843 beumtaeerenihitominus
535 3786 671 3856 possc,ut
685 3787 841 3856 postquam
851 3784 950 3840 omnia
1004 3785 1073 3855 sicii,
1084 3789 1117 3839 ut
1129 3783 1312 3838 diversorum
1327 3798 1379 3854 pro
1392 3782 1619 3839 necessitatibus
1634 3784 1670 3839 ad
1686 3782 1829 3856 palatium

122 3875 160 3931 ab
173 3875 238 3946 ipse
249 3887 315 3945 rege
325 3878 424 3929 essent
434 3871 630 3946 promulgata,
633 3873 757 3945 jamque
769 3872 841 3945 ipsis
859 3871 948 3928 cervi·
1004 3871 1241 3930 concurrentium
1257 3871 1301 3905 ¹³³⁶
1317 3875 1326 3893 ·
1343 3869 1441 3925 causis
1457 3873 1538 3925 extra
1560 3870 1678 3938 auditis,
1695 3870 1765 3945 quia
1778 3871 1830 3929 lit·

120 3963 208 4019 cibus
222 3960 331 4034 gladiis
347 3965 455 4017 novoet
465 3961 724 4034 inopinatoordine
735 3961 949 4017 suislleminus
1005 3961 1074 4018 teris
1088 3977 1189 4016 omnes
1204 3960 1242 4014 ibi
1258 3959 1455 4031 quaerimonia
1470 3957 1513 4014 rel
1526 3975 1620 4016 cause
1635 3961 1830 4033 signanturet

122 4049 304 4108 subveniret.
321 4050 462 4115 Quocirca
477 4067 533 4106 non
550 4050 720 4121 huiusmodi
745 4067 777 4106 sc
800 4048 890 4106 minis
904 4049 949 4106 vel
1004 4053 1200 4121 resignantur,
1208 4048 1254 4103 hie
1265 4053 1366 4104 notata
1377 4047 1675 4121 inserrct‚itidemquc
1689 4066 1830 4123 responsa
1857 4102 1861 4111 .

122 4139 285 4197 tenoribus
310 4144 409 4195 nosset
432 4138 581 4195 ullatenus
604 4138 778 4210 permoveri,
805 4138 875 4210 quia
899 4138 948 4209 qui
1005 4139 1113 4211 scripta
1127 4138 1254 4193 referret.
1273 4135 1432 4207 Plureeque
1447 4134 1535 4191 etiam
1551 4135 1600 4192 alii
1628 4142 1712 4194 erant
1736 4138 1828 4196 offitio

123 4227 333 4286 Mardoeheum
349 4244 365 4283 a
380 4227 517 4299 superbia
526 4229 619 4283 Aman
635 4227 806 4284 constantia
818 4231 949 4282 tenacem
1004 4228 1139 4300 delegati.
1167 4226 1193 4282 ls
1217 4224 1442 4297 trepidationem
1468 4230 1638 4282 ceterorum
1664 4227 1828 4296 advertens,

124 4318 200 4374 arira
215 4315 317 4373 ordine
332 4316 551 4388 eripuerit‚ipse
567 4316 710 4388 sibi,quia
725 4333 782 4372 non
799 4315 949 4388 protervire
1005 4315 1120 4387 sibique
1133 4319 1248 4386 tempus
1264 4315 1337 4370 torte
1352 4312 1484 4370 oblatum
1498 4313 1631 4370 nonnulli
1646 4315 1828 4387 adipiscendi

124 4407 176 4463 sed
197 4405 376 4463 obedientia
406 4423 495 4462 causa
524 4406 686 4473 interesset,
718 4423 835 4478 quoque
865 4404 1207 4494 pactoflhaesitantibus
1231 4408 1242 4427 ⁶
1269 4403 1311 4436 ¹⁷⁸⁷
1336 4403 1441 4458 ceteris
1465 4403 1518 4468 ¹⁷⁸⁸,
1537 4403 1666 4458 dixit:«
1691 4404 1829 4470 Quaerit

125 4494 182 4551 sibi
196 4493 336 4566 placitum
360 4493 516 4561 videretur,
544 4510 601 4550 non
624 4494 747 4550 deesset.
772 4493 948 4565 Hujusmedi
1003 4511 1114 4550 merres
1138 4493 1199 4548 viro
1224 4492 1274 4564 qui
1298 4491 1462 4547 vendiderit
1487 4491 1501 4521 ’
1524 4491 1606 4547 vobis
1630 4495 1641 4514 '
1666 4492 1796 4549 animam
1815 4497 1827 4519 ·

125 4581 278 4640 mutantia
292 4581 388 4639 vorbis
403 4581 539 4655 plurimis
553 4587 636 4639 aucte
656 4587 743 4654 atque
767 4583 948 4638 testimonio·
1003 4598 1088 4640 suam
1103 4588 1113 4605 '
1131 4580 1194 4635 ¹⁷⁸⁰?
1205 4603 1218 4630 a
1237 4581 1309 4637 Nam
1327 4581 1367 4636 ita
1381 4578 1510 4636 solemne
1523 4579 1566 4635 eis
1580 4581 1828 4654 verbum‚utquo·

125 4687 193 4727 rum
208 4671 437 4743 competentium
454 4670 557 4727 robore
572 4669 640 4725 biae
656 4671 723 4726 inde
738 4670 889 4743 pratalia,
902 4688 949 4744 pa·
1003 4673 1079 4728 tiens
1090 4687 1207 4727 summo
1217 4668 1506 4743 quolibetpericulo'
1525 4670 1569 4703 ¹7⁸⁰
1585 4669 1614 4725 in
1631 4669 1770 4727 nuntium
1784 4671 1827 4708 ¹⁷³²

123 4760 200 4832 gina
222 4759 314 4817 totius
340 4775 477 4834 campum
503 4758 697 4832 impleverunt
725 4775 777 4815 nec
799 4759 882 4832 prius
906 4761 951 4818 ori
1004 4761 1071 4835 quis
1086 4761 1259 4830 destinatur,
1276 4761 1317 4816 ita
1331 4758 1356 4816 ei
1374 4758 1487 4814 dicatur
1503 4776 1509 4812 :
1528 4759 1655 4815 «Vende
1672 4759 1745 4815 mihi
1762 4762 1828 4817 ani·

803 4883 924 4941 VARIAE
945 4885 1153 4944 bucularius.

159 4999 490 5055 ¹³“sinteoresunte
530 5001 575 5034 ¹⁷³⁸
590 5000 765 5055 delicturum
780 5017 803 5058 c.
843 5001 888 5036 ¹³³5
903 5019 974 5059 nera
989 5007 1010 5058 t.
1028 5021 1052 5056 s.
1069 5002 1273 5072 quamccoei.
1312 4999 1356 5033 ¹³³⁶
1371 5016 1425 5053 usa
1448 5016 1471 5052 s.
1489 5016 1514 5053 c.
1532 4992 1694 5070 peitularet
1717 5017 1731 5055 c
1754 5004 1825 5057 coni.

123 5069 509 5126 ¹²³⁸dereb.d.itaccoci.
549 5072 592 5105 ¹⁵³⁸
608 5070 683 5127 culis
698 5071 818 5126 battua
831 5073 976 5145 suppteva.
1015 5075 1197 5127 ¹³³⁹cruoec.
1236 5069 1345 5141 mllio,
1369 5069 1599 5136 ie,erlatasunt
1619 5087 1654 5126 ca
1674 5073 1830 5145 conjecturo

124 5140 582 5199 ¹⁷⁸¹dendase.c.e.neccoui.
639 5142 684 5176 ¹⁷⁸²
699 5141 729 5197 in
745 5143 827 5198 labb.
843 5146 935 5216 suppl.
992 5140 1324 5225 ¹⁷⁸³victotubb.auppt.
1381 5142 1426 5174 ¹⁷⁸⁸
1440 5158 1467 5213 p.
1485 5140 1558 5196 nibil
1571 5145 1681 5213 punctis
1695 5147 1828 5226 oppositas

123 5211 251 5269 deuiam
291 5213 508 5268 ¹⁷“ostendoc
548 5214 862 5270 ¹³⁸⁶coneurcntiumc.
902 5216 946 5252 ¹¹⁸⁷
962 5215 1281 5273 hesitantibuseeoci.
1320 5213 1431 5268 lmcaua
1454 5212 1546 5269 dubie.
1586 5214 1631 5250 ¹³⁸⁹
1654 5214 1731 5271 derat
1755 5233 1781 5272 v.
1798 5232 1826 5274 a.

123 5301 180 5340 sua
193 5300 208 5340 e
220 5284 293 5339 coni.
333 5284 376 5319 ¹⁷⁵⁰
390 5283 518 5355 periculo
532 5300 547 5341 e
560 5286 633 5342 coni.
673 5285 715 5320 ¹⁷⁵¹
731 5302 785 5342 voa
798 5285 891 5344 dubia.

920 5391 1036 5452 NOTAE.

160 5497 236 5571 (415)
252 5495 369 5554 Scilicet
380 5512 429 5554 rex
442 5496 675 5557 abderahamem
