3892 6082
158 292 198 353 95
599 291 604 299 “
686 295 718 362 S,
743 289 1000 354 ternutwotul
1022 281 1193 350 WlN'l'ON.
1215 290 1335 352 uersu.
1816 282 1856 348 att

159 441 246 497 quem
258 425 360 497 recipit
370 423 509 498 flagellat:
522 426 565 479 rir
575 426 623 481 Dei
638 428 841 481 inllrmabatur
852 427 982 495 t'requen·
995 425 1021 489 Α
1036 422 1117 477 tistes
1133 423 1162 476 in
1179 429 1321 478 conventu
1331 426 1453 480 fratrum
1471 425 1631 480 modestam
1645 420 1855 493 correptionem

161 518 204 569 ter
219 515 247 567 in
259 515 428 583 visceribus,
442 515 636 587 morbumque
648 513 983 569 tumorissustinebatur

163 603 308 657 erratibus.
322 603 425 658 Noctes
441 601 612 674 plerumque
628 605 752 658 (lucebat
769 604 917 657 insomnes
929 618 985 672 pra>

164 692 276 753 dolore:
301 697 330 746 et
354 691 409 753 clici,
427 690 494 745 licet
517 691 654 762 pallidus,
671 699 767 747 tamen
788 693 872 765 (quasi
896 706 986 745 sanus

164 787 193 836 et
208 779 247 834 nil
264 779 405 835 molestia
420 780 539 834 sentiret
553 781 733 848 ambulabat,
751 797 862 836 memor
876 783 987 851 aposto-

164 867 225 923 licae
236 867 445 923 consolationis
456 886 513 940 qua
524 869 640 931 dicitur,
652 872 720 942 quia
732 873 817 926 uirtus
833 871 862 924 iu
872 868 989 940 infirmi·

165 965 217 1012 tate
240 958 392 1028 perficitur,
409 961 437 1010 et
458 975 599 1012 rursum:
623 959 734 1027 Qerernlo
756 961 829 1014 enim
853 959 987 1028 infiernor,

167 1055 230 1101 tunc
247 1046 346 1116 {ortior
359 1062 419 1100 suin
444 1055 468 1101 et
492 1055 593 1118 potens,
611 1049 756 1102 etiterum
775 1065 781 1102 :
800 1047 923 1102 libenter
936 1045 991 1116 qlo-

168 1133 262 1190 riahor
276 1137 305 1188 r'n
323 1135 528 1204 irvfieraitntihos
538 1138 616 1203 *meis
628 1144 659 1191 ut
668 1137 799 1191 inhabitet
809 1138 837 1193 in
853 1152 894 1190 nte
905 1136 990 1188 virne

170 1223 280 1278 certet.
289 1224 323 1278 Et
333 1223 466 1295 quamvis
477 1226 533 1279 aori
545 1224 710 1296 pulsaretur
720 1225 862 1289 molestia,
871 1222 991 1276 minime

172 1318 268 1366 tanuen
284 1329 336 1367 esu
352 1314 484 1368 carnium
501 1315 724 1385 ‹ptradrupedum
742 1318 793 1367 aut
807 1314 903 1367 avium
921 1326 992 1364 usus

171 1406 225 1467 est,
239 1400 293 1454 nisi
309 1402 409 1467 semel,
422 1408 541 1474 cogente
553 1403 680 1457 maxima
691 1403 859 1456 infirmitate
872 1416 921 1470 per
935 1403 993 1452 tros

172 1505 287 1544 menses
298 1506 304 1543 :
314 1490 400 1561 (quod
412 1496 439 1544 et
450 1491 516 1545 lecit
522 1492 608 1561 jussu
619 1491 759 1546 llunstani
773 1485 994 1566 archiepiscopi)

107 1580 115 1591 '
170 1579 318 1632 etiterum
337 1579 363 1631 in
379 1579 548 1634 inllrmitate
565 1596 622 1650 qua
638 1580 718 1634 obiit.

207 1667 274 1722 Cae.
291 1666 385 1721 XXXI.
398 1699 431 1708 -
443 1668 532 1723 llnlce
548 1686 673 1741 namque
685 1674 746 1723 erat
757 1670 780 1724 ei
798 1667 996 1723 adolescentes

1040 511 1198 578 mandavit,
1210 518 1243 567 ut
1258 513 1281 568 si
1298 515 1364 584 quis
1379 515 1447 569 iurti
1463 513 1542 569 illius
1553 514 1606 568 sibi
1621 512 1756 568 conscius
1770 516 1858 578 esset,

1041 617 1206 672 remquam
1227 601 1386 657 abstulerat
1404 603 1578 674 quantocius
1598 619 1663 656 curn
1682 601 1732 655 llei
1747 599 1863 660 benedi-

1041 689 1137 745 ctione
1151 690 1294 758 redderet,
1307 696 1357 745 aut
1373 692 1401 745 in
1413 691 1463 746 tali
1479 690 1541 746 loeo
1556 709 1619 746 eam
1636 690 1801 762 projiceret,
1813 688 1862 743 nbi

1042 778 1164 834 inveniri
1180 780 1333 850 potuisset.
1350 780 1401 836 llle
1425 797 1491 835 rere
1514 782 1601 835 irater
1616 778 1764 834 obstinato
1779 779 1866 833 corde

1043 868 1172 938 seipsum
1198 868 1354 937 induravit,
1371 875 1400 925 et
1420 871 1590 925 mandatum
1607 870 1658 923 viri
1676 869 1727 923 Dei
1752 878 1866 922 servare

1044 955 1180 1028 neglexit.
1198 958 1365 1014 Transactis
1382 960 1479 1030 itaque
1495 959 1588 1013 tribus
1609 958 1712 1012 diebus
1727 961 1757 1011 et
1771 956 1866 1011 tribas

1045 1046 1191 1111 noctibus,
1208 1063 1274 1101 cum
1292 1065 1336 1102 res
1352 1050 1447 1104 iurata
1458 1049 1578 1102 minime
1594 1050 1668 1102 esset
1684 1048 1812 1105 inventa.
1825 1043 1865 1100 lo-

1045 1140 1130 1190 eutus
1146 1140 1190 1190 est
1200 1137 1243 1190 vir
1258 1143 1378 1193 sanctus
1389 1139 1418 1192 in
1430 1137 1557 1209 capitulo
1569 1154 1665 1191 ceram
1677 1136 1756 1190 oumi
1772 1134 1867 1190 multi

1046 1224 1147 1278 tudine
1162 1225 1296 1293 l'ratrum,
1314 1226 1434 1282 terribili
1450 1225 1647 1298 indignatione
1663 1228 1691 1279 et
1711 1225 1869 1278 commina-

1047 1314 1125 1367 tione
1141 1314 1276 1385 inquieus
1293 1332 1299 1369 :
1314 1338 1327 1364 a
1344 1316 1442 1372 Noluit
1467 1315 1625 1387 sacrilegus
1646 1313 1694 1367 ille
1714 1311 1867 1384 pecuniam

1048 1418 1137 1474 quam
1152 1402 1266 1456 iuratus
1280 1409 1324 1457 est
1350 1405 1467 1459 reddere
1487 1421 1553 1459 cum
1579 1402 1778 1458 benedictione
1792 1403 1868 1456 sicut

1045 1491 1207 1562 jussimus3
1225 1492 1326 1546 reddat
1341 1509 1402 1547 earn
1420 1494 1505 1547 modo
1516 1510 1582 1547 cum
1599 1492 1649 1549 Dei
1663 1491 1870 1563 omnipotentis

1051 1578 1294 1649 maledictionem
1307 1581 1344 1634 sit
1357 1581 1417 1652 ipse
1428 1581 1535 1652 ligatus
1547 1598 1603 1636 non
1614 1580 1709 1635 solum
1721 1580 1749 1634 in
1762 1580 1869 1643 anima,

1051 1670 1102 1725 sed
1114 1671 1200 1724 etiam
1211 1673 1240 1725 in
1252 1686 1370 1741 corpore
1383 1676 1482 1725 nostra
1492 1669 1750 1736 auctoritate.0uid
1762 1668 1872 1724 multat

171 1761 199 1809 et
211 1757 335 1827 Juvenes
349 1757 586 1828 semperdoeere,
599 1764 627 1813 et
645 1758 761 1812 Latinos
777 1756 1034 1858 libroshngliceB
1051 1760 1187 1815 dixerunt
1212 1761 1315 1815 tratres
1333 1776 1339 1813 :
1356 1761 1458 1815 Anien.
1471 1783 1484 1809 n
1497 1761 1531 1814 Et
1551 1777 1615 1816 ecee
1640 1759 1801 1814 inonachus
1825 1755 1872 1812 ille

171 1846 214 1899 eis
224 1843 344 1911 solvere,
357 1849 385 1900 et
395 1845 511 1918 regulas
522 1847 718 1918 grammatica
733 1847 804 1901 artis
820 1863 852 1900 ae
868 1845 993 1900 metricae

172 1934 293 1989 rationis
309 1935 431 2001 tradere,
450 1939 478 1989 et
496 1936 633 2006 jocundis
653 1937 789 2009 alloquiis
815 1936 850 1990 ad
875 1933 994 1988 meliora

171 2022 377 2078 hortari.Unde
392 2024 499 2077 lactum
516 2029 569 2092 est,
582 2029 614 2079 ut
629 2026 778 2097 perplures
798 2042 832 2079 cx
842 2021 994 2093 discipulis

172 2114 236 2182 ejus
248 2112 350 2166 fierent
362 2114 527 2168 sacerdotes
538 2119 624 2184 atque
636 2116 763 2175 abbates,
772 2118 799 2167 et
810 2110 994 2167 honorabiles

173 2201 311 2272 episc-opi,
329 2202 447 2272 quidam
465 2203 551 2255 etiarn
568 2203 775 2274 archiepiscopi
796 2203 824 2256 in
840 2206 924 2274 gente
939 2202 995 2254 An-

175 2289 300 2361 glorum.

211 2378 283 2433 Car».
304 2379 410 2435 XXXll.
428 2413 461 2421 -
481 2381 592 2436 Placuit
620 2383 694 2437 inter
717 2382 776 2437 haro
802 2381 992 2453 omnipotenti

175 2469 244 2536 Deo,
257 2475 288 2523 ut
301 2469 408 2524 calesti
425 2471 511 2524 titiani
527 2472 863 2534 nienstrareturiudicio,
877 2470 952 2543 quod
968 2471 993 2525 ei

176 2557 388 2628 beneplacitum
412 2564 488 2613 essct
510 2560 639 2614 habitare
665 2561 693 2613 in
718 2566 818 2615 saneto
841 2578 903 2614 suo.
921 2561 993 2615 Nam

100 2718 104 2725 μ
175 2663 241 2701 curn
260 2647 313 2701 iter
328 2648 473 2719 quoddam
488 2665 569 2702 sacer
583 2650 704 2703 antistes
720 2655 828 2722 ageret,
840 2657 871 2706 ut
881 2652 910 2705 in
926 2667 995 2722 agro

176 2736 327 2791 lloraiuiee
342 2754 440 2792 semen
458 2739 535 2793 verbi
553 2739 601 2793 Dei
623 2745 783 2812 spargeret:
804 2740 925 2813 contigit
941 2738 995 2807 (29)

178 2825 315 2880 clericum
326 2828 400 2898 ejus,
413 2828 458 2881 cui
471 2833 605 2882 sunctum
616 2829 744 2883 chrisma
755 2830 849 2883 luerat
863 2829 995 2902 designa·

179 2920 252 2981 tum,
269 2915 367 2969 minus
386 2915 440 2970 olei
466 2934 552 2987 quarn
576 2919 735 2972 necessitas
759 2919 893 2990 poscebat
917 2935 996 2973 acce·

178 3005 267 3076 pisse,
283 3009 310 3058 et
324 3004 378 3066 hoc
394 3022 496 3075 parum
514 3006 590 3077 quod
611 3013 760 3077 acceperat
776 3008 804 3061 in
820 3009 882 3078 ipso
898 3008 999 3062 itincre

179 3092 350 3163 perdidisse.
363 3093 493 3164 Cumque
508 3093 614 3147 lthristi
626 3093 755 3150 famulus
770 3097 805 3150 ad
821 3098 998 3151 destinatum

1049 1850 1155 1905 sedens
1172 1847 1356 1904 invisibiliter
1370 1849 1525 1921 ligabatur,
1538 1849 1665 1905 brachiis
1678 1849 1732 1903 sibi
1751 1848 1871 1902 invicem

1049 1938 1265 1993 adherentibus
1279 1940 1333 1993 sub
1345 1938 1534 2007 cucullosus,
1547 1940 1714 2010 mansitque
1724 1936 1871 2009 stupidus,

1049 2029 1181 2101 cogitans
1198 2028 1267 2100 qnid
1283 2043 1368 2099 agere
1385 2028 1512 2084 deberet.
1530 2028 1635 2083 Omnia
1648 2032 1746 2083 tamen
1762 2026 1874 2098 relique

1048 2119 1183 2172 membra
1205 2135 1259 2172 sua
1284 2117 1403 2173 mobilia
1427 2122 1455 2172 et
1479 2119 1515 2172 ad
1540 2135 1627 2173 usum
1646 2122 1712 2188 apta
1736 2116 1870 2181 habebat,

1049 2207 1178 2278 exceptis
1193 2206 1402 2279 brachiisque
1417 2207 1460 2261 vir
1470 2203 1589 2263 sanctus
1605 2206 1774 2261 auctoritate
1784 2203 1839 2257 sibi
1856 2219 1874 2257 a

1049 2296 1107 2351 Deo
1115 2295 1222 2351 collata
1233 2294 1376 2368 ligavit,et
1386 2295 1502 2351 inutilia
1510 2295 1779 2351 reddiditTnndem
1791 2292 1872 2347 linito

1049 2384 1176 2456 capitulo
1192 2386 1327 2452 surrexit,
1345 2386 1434 2441 miser
1452 2384 1501 2440 ille
1528 2387 1569 2440 sic
1595 2385 1711 2457 ligatus,
1729 2387 1756 2438 ot
1771 2383 1869 2437 exiens

1050 2477 1115 2546 post
1129 2477 1264 2529 sanetum
1276 2475 1444 2546 episcopum
1455 2476 1607 2530 contessus
1622 2479 1665 2528 est
1676 2474 1700 2527 ei
1717 2477 1827 2527 secreto
1839 2484 1870 2524 se

1049 2564 1139 2618 luisse
1156 2578 1248 2628 reum,
1266 2580 1354 2634 seque
1375 2562 1518 2617 latrocinii
1538 2566 1718 2632 perpetrasse
1739 2566 1869 2625 reatuum

1050 2651 1123 2705 nihil
1133 2656 1232 2706 tamen
1243 2651 1268 2705 ei
1283 2650 1318 2706 de
1331 2650 1477 2722 ligatione,
1491 2667 1549 2721 qua
1559 2650 1711 2704 tenolrntnr
1722 2649 1870 2709 astrictus.

1050 2740 1362 2810 iridicarrs.Episeopus
1372 2743 1466 2794 autem
1474 2739 1576 2793 iridens
1584 2755 1649 2793 enm
1662 2737 1751 2791 nimio
1762 2744 1871 2790 terrore

1051 2834 1229 2901 correptum,
1242 2829 1317 2883 sieut
1327 2829 1352 2884 ei
1364 2829 1453 2883 moris
1469 2832 1531 2882 erat
1545 2828 1752 2898 pauitantibus
1763 2831 1792 2879 et
1802 2826 1873 2880 tlen-

1052 2920 1132 2974 tibus
1146 2918 1305 2973 elementer
1320 2918 1478 2989 ignoscere,
1495 2920 1524 2970 et
1538 2916 1741 2971 misericordia
1757 2913 1874 2967 visceri-

1053 3009 1109 3062 bus
1125 3007 1290 3074 condolere,
1307 3006 1413 3061 blundo
1430 3020 1563 3060 sermone
1579 3004 1747 3076 respondit:
1764 3026 1774 3053 ι
1792 3003 1877 3056 llrrdu

1054 3096 1154 3152 saltim
1169 3096 1242 3151 bene
1258 3095 1362 3159 fecisti,
1381 3094 1448 3150 licet
1466 3110 1531 3149 sero
1548 3093 1712 3149 confitendo
1728 3096 1878 3163 pecccatum

181 3180 359 3253 pervenisset
392 3181 502 3249 lorum,
538 3186 604 3253 post
637 3184 733 3239 missa
766 3161 1291 3250 celebrationem,Clerumthabeas
1308 3200 1383 3238 num
1408 3186 1535 3238 nostram
1560 3182 1828 3237 benedictionem.»
1846 3180 1880 3235 et

181 3275 304 3341 postque
316 3269 412 3324 dulcia
423 3276 530 3325 sancta
541 3273 753 3342 predicationis
767 3272 903 3345 alloquia,
911 3274 1002 3346 jussit

181 3375 302 3413 exurere
311 3359 347 3414 ad
359 3360 848 3432 confirmandospuer-esoleumsibi
856 3364 1001 3419 exhibere.

182 3449 238 3503 Sed
254 3447 377 3502 clericus
393 3450 440 3520 qui
459 3449 620 3520 ampullam
636 3468 666 3506 se
681 3467 780 3507 seeum
796 3454 869 3507 terve
881 3454 1004 3508 aestima·

182 3537 241 3603 bot,
250 3543 366 3608 repente
376 3539 452 3609 quod
465 3555 528 3593 eant
542 3540 715 3609 perdidisset
727 3543 1004 3613 agnovitTurbatus

183 3641 250 3697 crgo
266 3624 415 3681 celerrime
425 3629 540 3698 repetiit
555 3629 610 3683 iter
620 3630 696 3683 uude
707 3637 833 3697 venerat,
846 3637 873 3686 et
884 3631 1005 3703 diligen·

184 3720 226 3769 ter
241 3715 296 3768 hue
313 3713 440 3787 illucque
454 3718 703 3788 circumspiciens,
720 3720 828 3775 invenit¹
843 3721 1004 3792 ampullam

183 3804 350 3872 chrismatis
366 3805 394 3858 in
415 3806 460 3860 via
470 3806 617 3876 ¹terrentem
628 3806 690 3863 oleo
706 3808 832 3880 plenam,
845 3813 930 3882 etq'us
945 3827 1003 3865 me-

183 3894 276 3947 dietas
288 3893 404 3965 quidem
418 3893 503 3965 paulo
515 3900 580 3949 ante
591 3897 750 3968 quidquam
764 3898 885 3970 liquoris
897 3898 1005 3954 babue-

183 3986 238 4036 rut.
251 3985 313 4046 Qua
334 3989 500 4054 assumpta,
517 4001 583 4039 curn
608 3985 710 4040 timore
726 3990 754 4040 et
769 3988 875 4059 gaudio
901 4004 1006 4060 magun

186 4088 318 4127 reversus
334 4078 379 4126 est
389 4077 490 4127 sancto
501 4074 624 4129 antistiti
636 4076 828 4143 satisfaciens,
840 4080 869 4131 et
881 4075 1007 4131 celestis

185 4159 326 4215 stillicidii
338 4161 511 4215 miraculum
520 4164 614 4217 veraci
627 4163 764 4219 relatione
776 4165 1005 4235 purulens.0u0d

185 4248 235 4304 llei
257 4254 329 4304 nutu
353 4255 468 4322 gestum
493 4268 556 4306 esse
585 4253 735 4323 probatur,
752 4259 784 4306 nt
810 4254 857 4324 qui
881 4253 1007 4324 Spiritus

185 4338 279 4393 saneti
291 4339 384 4411 gratia
395 4339 632 4410 perfundebatur,
640 4343 762 4413 ejusque
773 4343 909 4397 unctione
920 4344 1008 4398 eorda

185 4434 213 4484 et
237 4428 325 4484 iacies
348 4429 507 4484 multorum
524 4430 717 4491 exlrilnrabat;
744 4431 804 4501 ipse
829 4448 885 4485 nou
911 4432 1006 4486 solnm

1057 3274 1156 3329 statim
1168 3271 1264 3328 soluta
1275 3276 1344 3327 sunt
1357 3271 1476 3326 brachia
1486 3270 1567 3349 illins
1576 3272 1710 3341 episcopo
1722 3271 1878 3323 nesciente.

1057 3366 1094 3418 nt
1108 3362 1157 3418 ille
1172 3362 1271 3417 exiens
1292 3359 1360 3415 inde
1373 3359 1559 3415 vehementer
1581 3360 1698 3431 gravisus
1714 3364 1768 3425 est,
1782 3375 1880 3412 narra-

1057 3453 1155 3524 vitque
1170 3468 1221 3523 per
1241 3450 1371 3505 ordinem
1388 3449 1424 3502 de
1443 3466 1497 3502 sna
1522 3447 1659 3519 ligatione
1683 3452 1710 3502 et
1737 3447 1881 3502 solutione

1058 3541 1175 3596 cuidam
1192 3539 1272 3593 fratri
1288 3538 1405 3592 nomine
1420 3536 1551 3608 Wllgaro
1568 3536 1616 3609 [ut.
1630 3537 1751 3609 illaad,
1769 3537 1817 3608 qui
1835 3536 1883 3590 arl-

1060 3631 1173 3685 monuit
1187 3628 1242 3684 hoe
1262 3628 1356 3698 magis
1376 3625 1490 3680 silentio
1514 3643 1579 3681 esse
1594 3626 1758 3691 celandum,
1771 3630 1799 3679 et
1813 3642 1881 3679 eon·

1060 3737 1132 3793 gruo
1148 3718 1335 3790 postmodum
1353 3721 1481 3786 tempere
1496 3716 1700 3787 detegendum.
1716 3717 1774 3780 Qua
1793 3732 1826 3770 es
1843 3731 1884 3770 re-

1061 3811 1147 3865 datur
1161 3806 1297 3878 intelligi,
1309 3806 1394 3876 cujus
1410 3805 1503 3858 meriti
1520 3805 1564 3860 vir
1580 3805 1632 3858 istc
1648 3805 1734 3858 luerit
1749 3809 1815 3859 ante
1831 3804 1884 3858 Do·

1062 3899 1186 3960 minum,
1201 3895 1250 3966 qui
1274 3893 1335 3948 solo
1361 3908 1493 3947 sannone
1518 3897 1628 3946 tantam
1654 3894 1799 3953 virtutem,
1819 3892 1885 3948 licet

1061 3986 1205 4049 nesciens
1231 3982 1367 4036 ostendit.
1392 3982 1465 4035 Nam
1492 3981 1561 4051 quia
1585 3981 1760 4052 pastoralem
1791 3983 1883 4036 sancti

1062 4073 1213 4147 regianum
1228 4087 1328 4125 curam
1350 4071 1405 4124 tide
1421 4075 1448 4124 et
1464 4071 1594 4124 moribus
1614 4072 1701 4141 digne
1717 4071 1883 4138 custodivit,

1062 4164 1188 4236 proiecto
1204 4160 1280 4217 beati
1303 4160 1378 4214 Petri
1404 4159 1543 4230 principis
1568 4157 1765 4230 apostulorum
1781 4160 1883 4227 ricem,

1062 4253 1180 4325 ligando
1196 4256 1283 4322 atque
1298 4248 1435 4304 solvendo
1450 4249 1585 4303 obtinuit.

1097 4342 1165 4398 Car.
1181 4339 1299 4395 mcxlv.
1311 4370 1345 4379 —
1359 4339 1449 4410 Igitur
1468 4354 1535 4391 curn
1548 4337 1591 4391 vir
1602 4337 1651 4392 nei
1673 4338 1884 4410 magno'cona-

1063 4432 1141 4486 mine
1152 4435 1278 4486 veterem
1291 4444 1427 4482 renovare
1437 4427 1610 4482 decrevisset
1622 4425 1785 4485 ecclesiam.
1794 4427 1886 4497 jussit

187 4518 318 4585 interius,
336 4519 489 4573 sedetiam
509 4520 635 4574 exterius
660 4519 721 4573 retro
746 4536 877 4590 superum
904 4518 1045 4590 laetitiaeD
1062 4523 1165 4577 iratres
1180 4521 1347 4590 frequenter
1361 4517 1511 4571 laboribus
1527 4534 1586 4570 una
1599 4532 1666 4570 curu
1683 4515 1844 4570 artillcibus
1855 4522 1885 4570 et

186 4612 428 4663 remuneraretur.

221 4698 288 4752 Car.
304 4697 424 4753 xxxin.
439 4698 602 4762 -tluirlarn
622 4697 784 4750 monachus
802 4700 856 4768 (21)
873 4699 927 4751 snb
943 4700 1007 4768 ejus

186 4787 353 4859 magisterio
369 4787 500 4856 degebat,
518 4786 567 4856 qni
589 4786 748 4839 ‹laritanieo
773 4786 910 4840 instinctu
937 4788 1006 4843 furti

186 4882 296 4930 reatum
311 4873 578 4947 perpetravitdlnde
590 4879 616 4928 et
627 4890 742 4928 ornnem
753 4877 1006 4945 congregationem

186 4982 292 5037 magna
302 4966 421 5019 tristitia
432 4962 515 5019 dulor
525 4963 712 5023 anacteum
723 4963 847 5034 quisque
858 4965 1008 5036 subjectus

187 5054 222 5106 ab
239 5052 328 5107 altero
343 5053 430 5109 t'ratre
445 5053 504 5123 geri
526 5057 648 5124 putaret,
666 5053 742 5123 quod
767 5069 797 5107 se
822 5070 1006 5126 nequaquam

187 5141 288 5195 iecisse
304 5141 402 5211 procul
421 5143 510 5197 dubia
530 5142 623 5197 seivit.
638 5141 691 5196 Pro
706 5159 764 5212 qua
778 5159 808 5195 re
823 5149 943 5199 sanetus
956 5162 1006 5198 an·

223 5239 277 5310 (20)
293 5237 408 5292 AEll'rieo
421 5255 426 5291 :
437 5262 448 5287 a
464 5239 590 5311 Contigit
606 5240 762 5313 aliquando
778 5238 915 5296 clericum
931 5243 1006 5312 ejus,

186 5309 425 5382 euidesignatum
437 5315 499 5363 erat
509 5311 669 5381 ampullam
682 5314 745 5382 ejus
757 5311 1007 5373 serre,1ninusolei

187 5382 324 5452 accipere,
333 5384 470 5452 ete.,qure
482 5396 532 5434 nec
545 5383 728 5437 medietatem
740 5387 825 5437 antea
838 5383 1007 5439 babuerat.»

188 5452 250 5506 llos
279 5456 339 5506 erat
364 5452 511 5524 <parotidum
538 5453 690 5522 episeopis,
713 5459 745 5507 ut
769 5472 919 5526 nunquam
946 5456 1009 5509 sine

186 5521 345 5577 chrismato
375 5523 637 5594 proficiscerentur.
663 5523 823 5579 Crnicilium
856 5526 1008 5581 hrausiea·

997 4661 999 4664 ,
1062 4610 1202 4681 operariis
1222 4607 1366 4672 insistere,
1384 4605 1491 4677 quibus
1512 4605 1645 4658 certatim
1670 4604 1884 4669 laborantibus,

1062 4716 1136 4770 opus
1146 4696 1259 4752 aedilicii
1274 4693 1415 4765 paulatim
1428 4694 1456 4746 in
1468 4693 1593 4748 sublime
1604 4695 1737 4758 exerevit,
1749 4693 1886 4764 plurimis

1062 4788 1130 4842 hinc
1146 4786 1212 4840 inde
1225 4782 1378 4839 suffultum
1394 4782 1537 4848 oratoriis,
1550 4783 1577 4836 in
1591 4783 1699 4853 quibus
1715 4787 1884 4837 structorum

1061 4879 1236 4931 venerantur
1251 4873 1390 4945 suffragia
1409 4872 1522 4926 cunetis
1538 4871 1662 4926 fideliter
1681 4871 1887 4926 accedentibus

1063 4962 1359 5038 profuturatlontigit
1375 4966 1472 5016 irritem
1489 4961 1614 5032 quadani
1627 4961 1682 5026 die,
1695 4961 1764 5015 dum
1781 4960 1887 5015 iratres

1062 5053 1219 5109 starentatl
1233 5067 1382 5105 sumntum
1399 5048 1515 5104 culinen
1531 5047 1630 5119 templi
1648 5066 1715 5103 cum
1732 5053 1885 5103 crementa·

1062 5137 1888 5210 riis,utunuseor·um,Godusnomine,cadrretasunmiis

1062 5242 1145 5297 zandi
1172 5240 1274 5312 recipit
1289 5239 1416 5294 ol't‘icinm
1434 5236 1495 5290 sinc
1511 5235 1668 5290 chrismate
1694 5251 1818 5316 usquam
1836 5235 1887 5289 de·

1064 5316 1112 5370 bet
1137 5312 1312 5384 progredi„
1331 5311 1404 5381 Lege
1430 5306 1627 5378 prelationem
1645 5305 1748 5361 seran
1766 5323 1784 5373 r,
1803 5323 1886 5361 nunt

1064 5389 1075 5440 1
1099 5456 1153 5528 (at)
1165 5454 1299 5510 AEllricus
1312 5469 1337 5505 :n
1349 5450 1471 5515 Quidam
1483 5448 1644 5502 monachus
1655 5450 1710 5503 sub
1721 5466 1754 5503 eo
1765 5448 1886 5520 degens,

1063 5528 1223 5584 herlwinus
1239 5524 1366 5585 nornine,
1384 5520 1564 5590 marsupium
1586 5521 1740 5590 cujusdam
1757 5519 1888 5574 hominis

189 5609 260 5648 num
286 5611 304 5662 1,
321 5610 385 5649 can.
401 5602 429 5659 2,
443 5618 456 5643 ι(
472 5593 576 5650 Nullus
601 5594 814 5661 ministrorum,
841 5597 888 5668 qui
915 5598 1008 5669 bapti·
1058 5600 1205 5655 instinctu
1221 5595 1380 5653 demonico
1396 5595 1508 5647 iuratus
1523 5597 1577 5658 est,
1594 5616 1606 5639 ι»
1623 5597 1676 5647 etc.
