3900 6090
168 257 223 320 331

812 241 1019 311 BENElllC'l'l
1041 237 1154 301 PdPAE
1176 235 1228 296 Vll

1809 232 1869 290 332

165 392 237 450 dum
252 391 361 448 emissa
373 388 573 465 praeceptione,
585 385 715 441 inclinati
732 383 867 456 precibus
882 381 985 434 cestris
1006 372 1152 451 Aseriem
1168 369 1322 441 accprisiuit
1337 368 1381 423 sui
1398 368 1588 440 episcopatui,
1606 371 1633 421 et
1657 366 1796 421 omnihus
1819 366 1869 438 qui

165 495 216 552 per
232 479 321 552 hujus
336 477 477 552 privilegii
487 477 592 531 seriem
604 475 731 547 predicti
746 472 872 545 episcopi
890 470 920 523 B.
935 469 984 522 l‘e·

164 567 202 624 tri
217 565 341 639 apostoli
357 564 554 631 concedimus,
564 563 592 617 iu
605 579 657 619 suo
674 563 841 634 permanent
857 561 945 620 statu,
958 561 987 612 ct

163 671 215 713 ves
229 654 293 712 sine
307 653 396 709 dubio
407 654 595 725 procurantes
610 651 645 706 ad
659 650 792 722 presenti
805 652 884 704 sexta
896 645 986 700 indic-

164 743 244 800 tione
254 746 340 814 atque
351 741 380 796 in
392 744 565 813 perpetuum
580 739 688 794 avobis
698 738 861 810 vestrisque
873 751 987 789 succos·

166 830 282 890 soribus
297 847 365 886 cnm
381 828 437 885 sibi
452 829 589 885 omnihus
606 828 751 899 integrum
769 824 989 898 subjacentibus

167 919 340 992 disponatur
355 921 441 990 atque
457 934 523 973 eum
540 917 705 973 licitimore
716 919 880 988 regularia
897 916 991 966 restro

169 1009 359 1081 conjunctum
368 1005 510 1062 subsistat
518 1003 842 1076 episeopi0.Vosantem
855 1003 882 1056 in
891 1002 991 1055 eedem

168 1095 326 1154 venerabili
356 1094 501 1168 episcopie
530 1095 654 1150 Dornino
679 1094 736 1149 Deo
765 1097 863 1146 nostro
892 1091 993 1145 laudes

172 1183 317 1243 exsolvere
344 1183 483 1247 debeatis,
502 1182 611 1238 nullam
629 1182 770 1237 rationem
792 1181 895 1236 exindo
911 1178 951 1233 rel
969 1179 992 1234 ei

173 1273 398 1348 pertinentibus,
416 1273 471 1327 nisi
488 1271 541 1326 seli
564 1272 621 1326 Deo
646 1290 678 1326 ac
704 1269 994 1324 nostraauctoritate

173 1362 310 1420 solvendo
321 1361 478 1417 statuimus
489 1378 495 1428 ;
513 1361 653 1417 fabricam
665 1361 753 1415 etiam
766 1376 816 1415 seu
828 1357 996 1413 luminario·

173 1447 997 1517 rumconcinnationesindiliereatervossinedubiopro·

174 1544 309 1599 curantes
324 1537 503 1595 afficiamini.
520 1536 606 1594 Nulla
630 1537 751 1610 proinde
775 1538 806 1593 in
830 1534 996 1592 exolvendis

173 1630 224 1690 Dei
244 1627 383 1686 laudibus
406 1632 435 1684 et
448 1627 477 1683 in
493 1626 661 1683 luminariis
685 1626 895 1683 concinnandis
916 1640 997 1679 mora

174 1717 334 1792 proveniat,
342 1718 392 1773 sed
403 1717 507 1773 devota
517 1715 683 1773 sinceritate
693 1731 831 1789 peragere
850 1714 994 1778 festinate,

176 1824 228 1864 nee
244 1824 295 1880 per
309 1806 431 1862 incautas
446 1805 563 1862 desidia
579 1803 694 1878 culpam
711 1804 815 1876 judicii
839 1820 890 1859 vos
906 1801 996 1859 laturi

178 1900 275 1952 metus
290 1894 448 1960 concutiat,
466 1893 562 1965 potius
578 1891 709 1949 laborare
725 1893 851 1960 studete,
863 1897 895 1948 ut
905 1891 1003 1949 divina

182 1984 288 2058 placita
303 1986 397 2039 uestro
412 1986 519 2038 conatu
534 1982 689 2038 clementia
705 1981 795 2055 possit
821 1998 1002 2054 permanere,

180 2074 234 2129 hoc
250 2071 326 2145 quod
342 2088 359 2127 a
374 2071 458 2127 nobis
469 2071 551 2141 justa
562 2071 769 2127 deliberatione
783 2072 931 2129 decretum
948 2076 1002 2142 est,

142 2190 144 2195 v
181 2160 287 2217 suturis
302 2157 470 2216 inconvulse
481 2160 685 2233 perpetuisque
696 2161 886 2232 temporibus
895 2160 923 2215 Si
937 2160 1002 2232 quis

181 2249 375 2322 autem,qu0d
389 2265 444 2303 uon
457 2252 592 2320 optamus
604 2249 713 2304 nesorio
725 2267 798 2304 ausu
809 2266 1001 2321 presumpse-

182 2340 220 2395 rit
235 2339 295 2394 berc
310 2355 373 2410 qua
389 2354 406 2392 u
421 2337 505 2392 nobis
521 2338 555 2392 ad
574 2337 690 2392 laudem
708 2338 755 2393 bei
774 2354 824 2410 pro
845 2338 1002 2394 stabilitate

178 2430 242 2501 jam
258 2428 328 2485 dieti
344 2425 483 2499 episcopii
507 2431 617 2481 statuta
641 2431 710 2482 sunt
730 2426 946 2497 refragantem
974 2429 1001 2482 in

181 2533 297 2591 quoque
306 2516 482 2589 transgredi,
492 2515 565 2570 sciat
580 2531 611 2571 se
623 2515 818 2571 anathematis
827 2516 942 2571 vinculo
959 2519 1002 2571 in-

182 2607 335 2672 nodatum,-
349 2609 378 2659 et
393 2620 410 2659 a
424 2603 539 2659 diabolo
556 2605 664 2674 atejus
679 2604 871 2660 atrocissimis
887 2607 1002 2678 pompis

180 2699 267 2767 atque
291 2694 368 2750 Juda
392 2693 530 2748 traditore
546 2692 660 2747 Domini
693 2693 783 2748 nostri
807 2693 876 2749 iesu
894 2693 1001 2750 Christi

179 2784 276 2839 aterni
300 2781 429 2837 incendii
455 2781 598 2853 supplicio
614 2783 860 2837 concremandum
880 2783 1001 2856 deputa·

178 2873 300 2929 mus.At
308 2888 375 2927 vere
386 2870 435 2942 qui
448 2870 494 2942 pio
505 2870 640 2926 instituto
651 2872 819 2926 observator
828 2876 856 2927 ct
864 2873 1002 2929 omnibus

177 2959 321 3018 exstiterit
332 2960 501 3016 custodiens
515 2958 605 3030 hujus
621 2960 711 3015 nostri
728 2959 878 3031 apostolici
889 2963 1001 3017 consti-

178 3049 233 3106 tuti
258 3049 295 3104 ad
320 3048 433 3104 cultum
453 3047 502 3103 Dei
529 3048 763 3118 respicientibus
788 3050 1000 3106 benedictionis

179 3137 304 3211 gratiam
319 3152 337 3192 a
352 3135 670 3191 misericordiosissimo
686 3136 809 3193 Domino
834 3137 882 3192 Dei
901 3142 1001 3194 nostro

180 3223 381 3298 multiplieiter
395 3227 601 3296 consequatur,
609 3227 638 3279 et
652 3225 717 3279 vita
733 3229 844 3281 aterna
856 3227 1001 3300 particeps

179 3313 255 3371 citici
271 3316 427 3371 mereatur.
700 3316 704 3325 ’

214 3402 364 3477 Scriptum
383 3418 435 3474 per
449 3418 555 3458 manus
570 3401 691 3458 loannis
716 3405 819 3460 notarii
845 3407 1000 3479 regionarii

181 3497 268 3566 atquc
283 3491 429 3550 scriniarii
441 3492 470 3547 S.
489 3490 573 3547 Rom.
583 3491 729 3557 Ecclesia,
740 3493 768 3547 in
785 3509 885 3550 mense
897 3495 1000 3550 Martie

178 3582 338 3639 indictione
351 3597 390 3636 vr.
401 3581 477 3636 Bene
491 3579 594 3636 valete.
612 3579 684 3635 Data
699 3598 718 3635 v
733 3581 795 3637 liat.
806 3582 926 3639 Martias
950 3599 1001 3655 per

178 3685 284 3727 manus
304 3669 433 3742 Gregorii
458 3668 586 3740 episcopi
611 3674 639 3724 et
654 3669 866 3725 bibliothecarii
893 3677 999 3727 sancta

174 3759 340 3834 apostoliea
364 3758 451 3823 sedis,
469 3773 555 3824 anno,
581 3757 638 3813 Deo
663 3759 796 3830 propitio,
813 3759 999 3830 pontificatus

176 3849 275 3906 domui
301 3847 448 3904 Benedicti
474 3847 583 3903 summi
609 3848 755 3918 pontilicis
779 3851 808 3902 et
825 3848 998 3903 universalis

175 3938 292 4012 septimi
307 3953 388 4010 papae
402 3936 433 3992 in
445 3933 645 3992 saeratissimo
655 3936 723 3992 sede
734 3937 764 3992 B.
776 3936 850 3993 Petri
862 3937 997 4008 apostoli,

176 4030 291 4097 quarto,
307 4026 336 4081 iu
352 4041 452 4081 mense
466 4024 663 4079 etindiclienc
674 4025 871 4097 suprascripta
887 4042 924 4080 vr.

556 4128 615 4185 Xll.

212 4216 356 4276 ssusmcsi
376 4233 457 4274 PAPAE
475 4234 513 4272 Vll
538 4234 725 4275 rslvlbscwn
746 4236 799 4275 eno
831 4236 961 4278 accessis

503 4305 671 4346 assensum.

482 4396 583 4467 (dono
611 4396 694 4465 978.)

368 4501 488 4575 (Florez.
505 4502 555 4558 ubi
571 4520 669 4575 snpra,
686 4520 713 4576 p.
729 4506 800 4573 102.)

208 4610 315 4668 Notum
327 4626 391 4666 esse
400 4609 679 4665 volarmusonmibus
691 4612 852 4681 nrajocibus
863 4618 891 4667 et
903 4615 994 4668 11ιί1111-

172 4701 256 4757 rihus
266 4700 356 4756 tetius
368 4698 520 4770 provincie
530 4699 664 4754 Ausonia
675 4704 703 4754 et
715 4700 995 4773 liar-iduoniaratque

169 4789 369 4856 Gerundense,
386 4787 447 4843 sive
463 4786 652 4859 Urgelitensc,
665 4786 707 4842 vel
734 4788 901 4860 quicunque
926 4791 994 4846 huic

170 4877 325 4951 provincia·-
341 4875 466 4932 constuti
483 4893 546 4932 esse
562 4881 723 4932 cernuntur
736 4877 771 4931 de
787 4877 865 4932 hunc
879 4883 993 4950 episco-

169 4983 241 5040 pum
259 4968 349 5039 Froya
367 4965 496 5034 nomine,
508 4963 577 5037 quin
591 4965 668 5019 venit
684 4965 719 5020 ad
735 4963 838 5020 limina
853 4968 994 5038 apostolo·

167 5072 234 5112 rum
250 5058 278 5111 et
293 5055 371 5111 sedis
388 5058 492 5111 nostros
508 5054 632 5110 accessit
648 5058 714 5108 ante
731 5060 860 5110 nostram
872 5073 993 5127 prasen-

167 5143 251 5211 tiam,
265 5143 394 5201 ostendit
409 5143 493 5198 nubis
511 5144 650 5199 omnibus
666 5143 728 5198 suis
745 5143 910 5216 scripturis,
921 5163 993 5218 quas

201 5323 241 5393 (d)
255 5323 352 5380 Situm
371 5325 432 5377 erat
447 5320 500 5377 bec
511 5322 817 5394 monasterium,quod
829 5322 993 5394 puellarum

167 5392 232 5460 luit,
248 5395 278 5451 iu
294 5392 367 5450 colle
401 5407 547 5448 eramoeuu
566 5394 625 5448 l'ere
642 5393 677 5448 ud
695 5392 779 5449 littus
795 5394 895 5460 maris,
912 5397 991 5452 etad

166 5462 260 5538 ripam
276 5464 357 5522 duvii
374 5409 499 5539 iligna,
517 5463 547 5520 ia
562 5479 619 5536 quo
634 5464 704 5522 olim
720 5469 793 5538 erat,
815 5471 846 5524 ut
861 5467 992 5538 tradunt,

1041 461 1095 516 sibi
1113 459 1236 528 subjecti
1253 474 1317 512 esso
1332 461 1503 512 noscuntur.
1522 457 1563 511 lta
1579 453 1763 527 priuilegium
1784 455 1870 508 notris

1042 547 1294 622 postulavit,quod
1308 551 1337 601 et
1354 563 1405 601 nos
1421 545 1522 600 libenti
1536 544 1635 598 animo
1651 542 1677 598 ei
1688 543 1874 597 1111111111νὶ-

1042 655 1119 705 mus,
1136 637 1214 691 siout
1229 637 1258 690 in
1275 635 1338 707 ipso
1351 633 1500 706 privilegio
1521 633 1675 703 reperitur.
1688 633 1874 703 Quapropter

1044 743 1193 798 regamus,
1210 729 1238 779 et
1253 728 1354 778 nostra
1365 721 1524 794 apostolica
1542 721 1716 775 sarciendam
1738 720 1874 792 principi-

1045 833 1123 879 mus,
1139 819 1171 868 nt
1188 812 1287 867 nullus
1302 811 1401 875 hamc,
1418 813 1536 880 excepto
1563 807 1665 863 Bnrelli
1687 809 1794 864 comite
1820 825 1875 865 suo

1046 903 1107 960 solu
1128 918 1256 973 corpore,
1274 906 1301 955 et
1318 898 1398 954 uxori
1416 916 1473 954 sun
1500 896 1669 970 Ledgardis,
1691 901 1718 951 et
1743 897 1876 970 legitimo

1047 991 1107 1047 filio
1122 992 1186 1061 ejus
1203 988 1409 1052 ltaiurundo,si
1422 985 1642 1058 presumpserit
1653 984 1783 1057 aliquam
1798 987 1877 1042 inra-

1048 1081 1171 1141 sionem,
1181 1077 1223 1132 vel
1233 1082 1333 1132 contra
1341 1075 1512 1148 pradictum
1522 1075 1691 1145 episcopum
1703 1075 1876 1131 calcaneum

1048 1163 1509 1237 erexerit,cujuscunqueocdinis
1519 1162 1561 1217 vel
1573 1180 1669 1229 sexus,
1678 1163 1737 1218 sive
1751 1163 1878 1219 clericus

1050 1258 1110 1312 sive
1126 1255 1229 1318 laicus,
1246 1253 1304 1308 sire
1320 1252 1600 1310 excommunicatus,

1424 1410 1498 1465 xlll.

1068 1544 1214 1585 sensnum
1236 1543 1316 1582 l‘dl’AE
1335 1544 1373 1582 vll
1395 1540 1583 1581 ramosarum
1607 1541 1662 1580 PRO
1681 1542 1863 1584 ΜΘΝ-«1911131110

1368 1630 1564 1672 ctvnlacsn'st.

1380 1762 1473 1828 (Anno
1484 1761 1560 1828 978.)

1056 1876 1152 1931 tlar'oto
1169 1876 1341 1931 Cluniocerui
1355 1875 1446 1930 ciboti
1460 1874 1543 1931 (tonat
1558 1877 1678 1930 iruulam
1703 1877 1877 1933 lerinensem

1291 1981 1352 2019 cunr
1366 1967 1529 2020 rraenustcrio
1544 1966 1652 2030 driaco,

1231 2080 1428 2152 (chouquet,
1448 2081 1555 2138 ltceucit
1572 2081 1709 2155 11215.)

1094 2223 1271 2278 llonsnrcrus
1287 2223 1564 2293 episcopusservus
1582 2240 1732 2279 serverum
1749 2225 1800 2280 Dei
1816 2226 1887 2283 dile·

1057 2311 1189 2365 ctissime
1205 2312 1234 2365 in
1251 2311 1366 2366 Christo
1382 2311 1441 2364 tilio
1460 2311 1571 2366 blnroae
1591 2312 1765 2367 charissimo
1786 2314 1885 2371 abbati

1056 2397 1257 2455 cluniacensis
1273 2399 1453 2467 monasterii,
1471 2401 1593 2471 ejusque
1614 2400 1838 2457 suecessoribus
1856 2403 1884 2457 in

1057 2493 1244 2558 perpetuum.

1091 2576 1164 2640 Quia
1180 2576 1391 2632 monasterium
1406 2576 1693 2650 Glurriacense,quod
1710 2583 1740 2634 tu
1752 2579 1812 2635 Deo
1823 2598 1886 2653 pre

1056 2664 1127 2734 pitio
1154 2665 1326 2737 regulariter
1350 2667 1435 2738 regis,
1454 2673 1561 2721 sauctae
1589 2669 1724 2724 Renranae
1749 2669 1885 2727 Ecclesia

1056 2753 1191 2809 novimus
1205 2770 1268 2810 csse
1283 2756 1475 2810 commissum
1492 2756 1526 2811 ad
1544 2757 1761 2814 defendendum
1776 2765 1804 2816 et
1816 2760 1886 2817 dila·

1055 2841 1189 2909 tandum,
1205 2842 1313 2897 ideirco
1333 2844 1463 2898 benevoli
1479 2849 1508 2899 et
1524 2845 1645 2901 benefici
1661 2863 1730 2920 erga
1744 2849 1884 2906 eumdem

1055 2927 1152 2985 locum
1168 2931 1309 2987 debemus
1325 2933 1458 2988 existere.
1469 2936 1651 3006 Ouarnoptsr
1662 2937 1815 2993 nctumsit
1825 2954 1886 2994 om·

1055 3018 1885 3094 nibusquiapetisrianobisutjamdictetuomonasterio

1019 3125 1040 3192 C
1056 3106 1182 3163 insuluru
1200 3111 1386 3166 lerinensem
1402 3127 1470 3166 cum
1485 3111 1638 3182 Arlaoodi)
1654 3116 1845 3184 monasterio,
1856 3121 1886 3173 et

1056 3195 1418 3269 omuibuspectinentibus
1435 3201 1470 3255 ad
1487 3201 1589 3256 cadem
1605 3199 1793 3271 loca,nostrur
1813 3221 1882 3261 auc·

1056 3284 1184 3342 toritatis
1198 3284 1349 3359 privilegio
1364 3288 1605 3356 concederemus;
1623 3289 1782 3362 siquidem,
1799 3297 1833 3348 ut
1847 3309 1883 3350 ex

1056 3374 1180 3431 decretis
1196 3377 1271 3431 beati
1289 3377 1419 3450 Gregorii
1436 3394 1516 3450 papa
1530 3378 1699 3451 didicimus,
1714 3381 1819 3438 cadem
1841 3383 1883 3439 in-

1055 3462 1121 3518 sule
1138 3465 1243 3536 injure
1254 3481 1287 3519 ac
1303 3465 1486 3536 subjectione
1501 3471 1609 3521 sancte
1625 3467 1881 3540 sedisapostoliee

1055 3552 1199 3609 consistit.
1212 3552 1402 3609 Pctitienibus
1416 3553 1475 3608 tuis
1487 3554 1576 3626 igitur
1590 3555 1721 3613 faventes
1735 3561 1765 3613 et
1778 3573 1879 3616 assen-

1054 3658 1120 3696 sum
1133 3642 1304 3712 prebentes,
1320 3643 1375 3698 sub
1386 3644 1465 3697 omni
1483 3644 1649 3716 integritate
1665 3644 1813 3703 donamus
1826 3647 1880 3704 tibi

1054 3737 1141 3801 atquo
1157 3731 1376 3787 successoribus
1393 3732 1450 3786 tuis
1461 3733 1593 3787 eamdem
1610 3731 1739 3789 insulam
1753 3740 1783 3789 ot
1800 3735 1878 3792 idem

1054 3821 1263 3875 monasterium
1279 3819 1418 3874 Actaeam
1434 3837 1500 3874 cum
1517 3821 1722 3876 omnibussibi
1733 3824 1880 3894 pertinen·

1053 3908 1192 3965 tibustio
1207 3908 1315 3979 quibus
1330 3909 1355 3964 si
1372 3909 1438 3980 quis
1453 3914 1480 3963 te
1492 3910 1535 3964 rel
1552 3925 1737 3967 successores
1753 3918 1820 3969 tuos
1833 3914 1878 3971 iu·

1051 3996 1130 4066 juste
1144 3996 1312 4068 pulsaverit,
1323 3997 1419 4069 gladio
1436 3999 1750 4056 excommunicationis
1765 4003 1879 4059 noverit

1052 4100 1083 4140 se
1099 4085 1272 4140 feriendum.
1289 4085 1431 4142 Volumus
1446 4093 1544 4141 atatem
1560 4093 1593 4142 ut
1607 4089 1760 4146 annuatim
1776 4091 1813 4147 ad
1832 4107 1877 4148 se-

1052 4174 1187 4244 pulcrum
1216 4174 1294 4229 beati
1325 4174 1401 4230 Petri
1432 4176 1561 4248 quinque
1589 4175 1698 4233 solidos
1722 4184 1877 4252 argenteos

1051 4262 1153 4318 exinde
1168 4262 1324 4334 persolvas.
1335 4264 1371 4320 Ut
1387 4265 1447 4320 hac
1463 4271 1562 4321 nostra
1578 4267 1737 4322 arroteritas
1747 4268 1875 4341 vigorem

1052 4357 1080 4407 st
1095 4351 1274 4409 soliditatem
1287 4353 1500 4425 inperpetuum
1513 4355 1653 4421 obtineat,
1666 4355 1764 4428 sigillo
1776 4362 1875 4414 nostro

1051 4442 1244 4515 signavimus,
1261 4448 1290 4498 et
1305 4459 1393 4498 manu
1412 4449 1511 4498 nostra
1527 4443 1720 4500 tirmavimus.

1086 4532 1234 4604 Scriptum
1250 4549 1301 4603 per
1316 4548 1437 4587 manum
1449 4533 1588 4604 Stephani
1602 4533 1707 4588 notarii
1718 4535 1876 4608 regionarii

1051 4627 1138 4693 atque
1150 4619 1295 4676 scriniarii
1304 4621 1333 4676 S.
1344 4620 1481 4676 ltomaure
1493 4621 1624 4677 Ecclesia
1635 4622 1662 4676 in
1674 4638 1776 4678 meuse
1788 4623 1875 4689 Maio,

1051 4711 1151 4766 indict.
1165 4728 1201 4765 11.
1220 4711 1295 4764 Bene
1311 4708 1411 4765 valete.

1084 4799 1189 4854 Datum
1205 4817 1223 4853 x
1237 4798 1300 4853 lial.
1312 4799 1392 4855 lunii
1408 4817 1460 4872 per
1476 4817 1595 4855 rinmunt
1611 4801 1733 4856 loannis
1743 4802 1876 4875 episcopi

1049 4887 1237 4944 Salernitana
1253 4887 1397 4956 decimis,
1415 4906 1491 4945 arnae
1516 4906 1544 4944 1v
1568 4890 1756 4960 pontificatus
1772 4891 1876 4948 domni

1049 4977 1140 5032 nostri
1153 4976 1313 5032 Benedicta
1324 4993 1404 5048 papie
1413 4977 1473 5045 Vll,
1484 4978 1645 5049 imperante
1653 4978 1761 5033 ‹lornuo
1773 4985 1877 5036 nostro

1048 5067 1152 5123 Ottoue
1164 5082 1181 5121 a
1195 5066 1252 5122 Deo
1264 5071 1400 5122 coronato
1411 5084 1516 5140 magno
1525 5073 1554 5123 et
1564 5068 1684 5139 pacillce
1697 5068 1877 5140 imperatore

1048 5172 1124 5211 aricio
1140 5173 1179 5221 111,
1196 5155 1224 5209 iu
1236 5171 1337 5210 incuso
1353 5155 1438 5221 lllaie,
1456 5156 1557 5211 indict.
1573 5173 1612 5211 vr.

1047 5341 1098 5380 ara
1122 5323 1236 5452 intluco
1261 5323 1364 5381 Veneri
1389 5342 1481 5394 sacca,
1499 5344 1515 5381 a
1540 5342 1596 5398 quo
1616 5328 1668 5382 dra
1692 5326 1748 5383 luci
1764 5341 1876 5383 nouren

1047 5413 1145 5471 accept
1162 5437 1169 5453 .
