3908 6082
135 283 194 347 tta
460 279 562 345 ADSO
584 282 801 344 DBRVBNSIS
824 282 1050 347 MONACHUS.
1063 285 1272 348 -Ndrlvla
1293 286 1516 352 ammonium
1717 308 1720 315 ·
1778 286 1840 352 tte

975 418 1003 486 Α
1018 434 1085 473 cum
1096 420 1233 476 omnibus
1245 421 1306 478 suis
1318 422 1602 488 instrumentis,eum
1614 438 1690 493 aqua
1699 420 1765 493 plus
1780 421 1840 479 lue-

380 450 472 506 OEssv·
489 452 526 507 ⁰⁶
541 452 718 523 mmmm·
1016 506 1054 560 rit
1063 506 1176 576 idonea,
1187 509 1262 564 inter
1271 510 1398 567 velletor
1408 511 1530 566 inferius
1540 512 1570 566 in
1582 511 1661 566 lieno
1670 515 1699 566 ct
1709 510 1840 566 Bustsu·

171 562 342 631 &mmmm
359 559 412 629 3¹¹³
426 562 471 613 est
487 557 612 631 singmis
627 558 731 614 diebus
753 558 820 615 ωηο
836 574 961 630 purgum
1015 596 1128 669 parius·
1142 598 1170 652 in
1182 598 1251 654 Alsa
1264 616 1358 672 usque
1368 598 1537 655 Bbersheim
1560 599 1589 654 in
1604 598 1839 671 Bruschausque

136 648 335 706 necessarium
351 647 479 721 epi³⁰⁰pi
500 651 529 704 ει
547 648 728 721 granarium’
744 648 769 704 si
788 648 895 705 bahem
907 663 960 703 ’ω’
1015 641 1207 755 MoBesbeim,
1220 687 1249 742 in
1266 688 1425 744 schuttura
1439 642 1696 760 usque'Merburg,
1707 686 1738 742 iu
1753 684 1839 743 Kint-

134 736 233 795 lussfl'l·
1014 773 1079 830 silla
1094 792 1187 848 usque
1203 777 1359 845 Kinzdorll,
1372 794 1438 832 eum
1451 777 1586 849 expensis
1603 776 1742 849 episcopi.
1759 776 1838 833 infra

365 835 444 891 cxv·
460 837 498 891 ⁰⁰
511 835 731 892 mmmmm·
1013 864 1155 920 terminos
1169 863 1223 920 hos
1238 863 1338 920 nullus
1349 880 1398 920 eos
1408 863 1561 920 excludere
1573 865 1680 921 audeat
1690 864 1727 920 ab
1738 863 1838 937 aliqua

171 942 374 1001 Moleudinarii
389 948 419 1001 (tl
433 944 594 1017 piscatores
607 945 715 1000 debent
736 944 906 1016 episcopum
929 944 958 998 ln
1014 968 1099 1024 aqua,
1117 953 1173 1009 nisi
1190 971 1247 1026 que
1263 954 1317 1009 sub
1333 953 1471 1009 claustris
1486 956 1633 1009 coarctata
1646 958 1701 1009 est,

134 1032 959 1107 aquavuherequocunquevolueritintchustsuperius
1048 1040 1153 1097 CXVII.
1164 1042 1195 1097 ln
1207 1041 1444 1097 Brusehaorotlo
1456 1041 1598 1113 superiori
1608 1042 1837 1114 eivitatisusque

133 1127 164 1182 at
176 1121 304 1178 velletor
319 1121 456 1189 inferius;
479 1122 588 1194 quibus
610 1120 808 1178 thelonearius
828 1121 959 1194 prebebit
1013 1130 1049 1185 ad
1065 1130 1198 1197 inferius,
1211 1132 1296 1202 juxta
1309 1136 1444 1185 sanctum
1461 1129 1652 1202 stephanum,
1670 1129 1769 1186 nullus
1783 1147 1835 1186 au.

133 1227 222 1269 naves
230 1214 418 1284 quotcunque
427 1210 536 1266 tuerint
546 1210 791 1283 necessarielpsi
802 1210 957 1266 enimcum
1013 1218 1079 1274 deal
1093 1219 1199 1292 piscari
1214 1220 1277 1276 sine
1292 1217 1411 1274 lieentia
1430 1218 1568 1290 episcopi,
1579 1219 1621 1275 vel
1640 1217 1761 1292 dapiferi
1777 1218 1834 1275 sui.

132 1301 224 1358 remis
238 1299 301 1356 suis
315 1299 469 1356 intrabunt
481 1302 510 1355 ot
524 1300 665 1356 reducent
675 1317 725 1355 eas
740 1300 777 1355 ad
792 1299 957 1372 pomerium

133 1388 273 1463 episcopi,
283 1389 360 1444 unde
370 1393 399 1444 et
409 1388 556 1444 duxerunt
565 1405 633 1444 cum
646 1389 780 1461 expensis
791 1388 896 1461 ipsius.
905 1388 958 1444 Da·

133 1479 210 1535 bunt
219 1481 318 1534 autem
334 1477 494 1550 piscatores
504 1477 578 1533 duos
588 1477 675 1547 viros,
687 1476 893 1533 molendinarii
903 1480 958 1532 ter·

129 1568 210 1667 ΨΜ
226 1567 331 1622 Virum·
348 1566 384 1667 Si,
394 1567 430 1665 d‘?
451 1583 517 1665 ⁵¹¹⁸,
529 1565 706 1665 ¹¹⁰ssliss⁰¹¹ti⁸
720 1583 808 1665 ”Q
823 1565 956 1639 perdid&
1046 1595 1225 1667 Carpentarii
1242 1594 1369 1668 singulis
1385 1595 1489 1651 diebus
1510 1595 1580 1651 lune
1595 1595 1702 1651 debent
1717 1595 1746 1651 in
1761 1612 1836 1668 opus

128 1659 198 1723 mut,
216 1654 338 1711 solvent.
356 1655 386 1711 Si
400 1672 427 1709 vr
443 1654 554 1710 suerint
569 1671 611 1711 eis
625 1654 897 1727 ablatc,ep1scopus
912 1672 955 1710 re·
1011 1684 1138 1755 episcopi
1152 1684 1193 1738 im
1204 1701 1272 1739 cum
1283 1684 1418 1756 expensis
1432 1684 1611 1756 ipsius-Cum
1623 1701 1740 1741 summo
1750 1701 1837 1742 mane

127 1744 241 1802 ’lim
400 1841 433 1855 ..
548 1845 553 1854 ν
649 1845 653 1854 Ι
967 1772 1142 1858 Bvenerint
1158 1776 1225 1828 ante
1240 1771 1397 1844 palacium,
1409 1790 1466 1828 uon
1477 1773 1606 1830 audeaut
1621 1774 1754 1830 recedere
1768 1778 1836 1830 ante

363 1841 456 1899 ΕΝ·
472 1844 509 1899 ⁰⁶
520 1842 712 1915 Pllffll‘lllblli·
1007 1861 1140 1917 sonitum
1156 1877 1315 1933 campane,
1328 1879 1385 1935 que
1399 1862 1435 1917 ad
1452 1862 1573 1918 missurn
1588 1878 1674 1918 mane
1689 1861 1833 1934 pulsatur.

160 1951 321 2007 Piscatores
336 1949 442 2006 dobant
457 1948 563 2023 piscari
585 1949 622 2005 ad
641 1966 716 2023 opus
730 1950 858 2023 episcopi
875 1951 951 2005 inter
1007 1949 1037 2006 Si
1054 1950 1171 2006 interim
1188 1966 1245 2005 non
1261 1949 1371 2005 luerint
1385 1950 1415 2004 in
1434 1966 1508 2022 opus
1523 1951 1651 2022 episcopi
1675 1950 1832 2023 assumpti,

122 2038 307 2098 nativitatem
323 2043 423 2095 sancte
448 2039 537 2096 ltlarie
553 2043 581 2095 ct
595 2038 704 2097 festum
719 2040 813 2095 sancti
839 2039 948 2095 ltlieha-
1004 2037 1087 2095 liheri
1104 2038 1154 2094 illa
1168 2038 1216 2094 die
1230 2039 1376 2094 recedant.
1390 2039 1452 2095 Non
1464 2043 1533 2095 suut
1544 2040 1666 2113 eogendi
1681 2039 1723 2097 ire
1736 2039 1766 2096 in
1782 2039 1833 2098 ali·

120 2128 198 2188 halis
207 2126 333 2203 singulis
344 2129 430 2185 anuis
440 2128 536 2185 trihus
544 2129 648 2184 diebus
656 2133 685 2184 ct
695 2128 790 2185 tribus
802 2128 947 2197 noctibus,
1004 2130 1089 2199 cujus
1104 2145 1177 2201 opus
1192 2127 1322 2195 ulterius,
1340 2128 1396 2185 nisi
1412 2129 1550 2202 episcopi.

1236 1425 1355 1481 cxvdl.
1371 1427 1408 1481 De
1422 1428 1612 1498 carpenturiio.

124 2303 1829 2350 Μ

781 2494 864 2541 auae
885 2494 993 2542 belial
1015 2496 1172 2543 dccccxcii

843 2685 1099 2817 abso

388 2942 589 3002 anavnnsls
610 2942 646 2999 ln·
667 2941 845 2999 Paavnn'sv
864 2938 1056 2998 campanie
1075 2940 1168 2997 Paeo
1188 2940 1349 2998 consona
1368 2940 1564 3001 MONACHUS

870 3128 1069 3141 *-

687 3290 923 3380 ΝΟΤΙἸῚΑ
952 3291 1264 3381 HISTORICA

422 3500 516 3574 (Apud
531 3498 691 3570 Oudinum,
706 3499 928 3572 supptementum
943 3497 976 3554 dc
992 3497 1175 3571 Scriptoribas
1189 3501 1387 3566 ecciesiasticis,
1406 3518 1433 3572 p.
1451 3503 1526 3570 308.)

154 3807 231 3862 Adso
246 3804 410 3862 monachus
426 3804 483 3860 divi
500 3803 658 3871 Benedicti,
676 3808 778 3875 postea
792 3800 944 3857 Dervensis
960 3801 1052 3858 abbas
1073 3802 1177 3868 laetus,
1195 3802 1271 3857 eirea
1293 3820 1404 3858 annum
1419 3803 1472 3858 980
1494 3802 1549 3858 insi
1573 3803 1602 3858 ni
1617 3802 1782 3860 litteratura
1796 3809 1826 3862 et

120 3877 151 3934 in
165 3876 377 3950 temporalibus
392 3876 553 3932 oeeonomia
568 3874 692 3942 refulsit,
703 3875 789 3945 cujus
805 3872 906 3928 laudes
920 3872 1038 3929 abunde
1059 3872 1228 3946 exsequitur
1249 3878 1353 3929 auctor
1367 3874 1433 3928 libri
1450 3820 1644 3929 lliroeulirum
1657 3877 1747 3931 eoacti
1760 3877 1827 3932 Bcr-

120 3949 210 4006 dtarii
225 3949 340 4005 abbatis
355 3947 519 4014 Dervensis,
537 3961 624 4019 quem
639 3946 785 4017 evulgavit
799 3944 928 4001 ioannes
951 3944 1089 4000 Mabillon
1112 3944 1218 4000 seculo
1233 3944 1258 4000 ll
1274 3946 1447 4000 Sanctorum
1464 3945 1576 3999 ordinis
1592 3944 1649 3999 divi
1666 3945 1827 4016 Benedicti,

120 4021 228 4094 mina
241 4021 305 4075 att.
322 4019 363 4076 lbi
381 4035 452 4074 num
469 4020 499 4073 ll
517 4035 553 4073 :a
568 4017 758 4073 Postmodum
781 4016 937 4072 excedente
958 4015 1019 4071 vita
1036 4017 1144 4071 domno
1159 4015 1303 4081 eiborico,
1318 4017 1396 4072 Adso
1412 4017 1502 4071 abbas
1526 4015 1657 4084 effeetus,
1674 4016 1828 4075 basilicam

120 4096 289 4148 sanctorum
298 4092 408 4147 abeato
416 4088 569 4146 Barchario
578 4087 1125 4161 quondamexstructamparvissimam
1140 4092 1290 4159 reputans,
1299 4087 1417 4143 maximi
1429 4087 1530 4159 templi
1540 4088 1829 4161 fundamentaJ'eeit:

120 4163 195 4219 duas
209 4161 292 4218 villas
306 4162 423 4233 Drejam
438 4165 467 4217 et
481 4161 603 4217 alteram
615 4177 678 4233 queo
693 4164 814 4216 vocatur
825 4157 1177 4215 Puellareltlonasterium
1194 4157 1305 4214 incuria
1317 4163 1534 4215 antecessorum
1547 4159 1683 4227 amissus,
1698 4162 1830 4219 cenobio

120 4233 312 4306 recuperavit,
319 4256 333 4281 n
345 4236 401 4288 otc.
413 4232 537 4306 Scripsit
549 4233 634 4288 Vitem
647 4234 736 4287 saneti
749 4230 893 4286 ber-ctare·
908 4246 971 4301 quae
987 4228 1112 4285 habetur
1126 4229 1237 4284 Secuto
1253 4228 1288 4285 ΙΙ.
1306 4232 1479 4286 Sanctorum
1495 4230 1606 4286 ordinis
1622 4231 1655 4286 b.
1668 4232 1827 4300 Benedicti,

140 4306 270 4378 ag.831;
283 4304 360 4361 Gesta
370 4320 474 4376 quoquc
482 4304 571 4360 sancti
582 4304 673 4359 Boeoti
681 4304 852 4374 confessoris,
863 4320 871 4355 ‹
884 4319 927 4356 uas
939 4299 1047 4356 ibidem
1060 4317 1126 4372 pag.
1137 4302 1190 4367 67;
1205 4302 1420 4357 translationem
1431 4309 1457 4357 et
1466 4301 1599 4358 iliraeulo
1612 4302 1732 4374 ejusdem
1743 4306 1832 4360 sandi

119 4322 223 4443 Boeoti,
249 4392 313 4448 qua
337 4374 444 4431 seculo
460 4374 683 4430 lVSanctorum
708 4374 771 4430 ord.
788 4373 845 4427 div.
863 4320 1012 4427 llenedicti
1038 4375 1109 4426 torn.
1125 4372 1161 4447 ll,
1183 4373 1332 4443 pug.137;
1356 4373 1426 4428 item
1452 4373 1539 4429 Vitam
1561 4375 1652 4429 saneti
1675 4373 1831 4430 Frodcicrti

121 4447 227 4505 meam
239 4448 326 4519 prieti
340 4445 470 4503 Celteuoie
490 4462 580 4519 prope
595 4446 712 4513 Trecas,
728 4461 817 4517 quam
839 4443 930 4499 hahes
953 4441 1063 4498 Saeculo
1080 4442 1104 4498 ll
1119 4445 1293 4498 Sanctorum
1309 4444 1420 4500 ordinis
1435 4444 1492 4499 diri
1509 4444 1668 4514 Benedicti,
1683 4460 1750 4516 pag.
1764 4444 1830 4512 dae,

121 4534 190 4576 cum
205 4518 323 4575 Historia
341 4517 538 4574 fraudationis
554 4517 734 4590 reliquiarum
753 4514 874 4586 ejusdem
897 4516 987 4570 sancti
1010 4513 1168 4581 frodoardi,
1185 4513 1295 4570 Saeeulo
1312 4515 1358 4580 lV,
1374 4515 1498 4570 istorum
1514 4515 1690 4571 Sanctorum
1704 4519 1776 4572 tom.
1793 4514 1829 4583 11,

184 4590 269 4645 eta.
286 4588 359 4647 Doni
381 4606 417 4646 ue
434 4590 521 4646 Vitam
535 4588 667 4645 damuati
682 4588 768 4660 primi
784 4587 953 4642 luitensium
967 4586 1095 4657 episcopi.
1111 4585 1244 4640 Mortuus
1259 4590 1303 4641 est
1316 4586 1394 4642 Adso
1409 4603 1485 4642 anno
1500 4586 1563 4642 992.
1580 4586 1620 4642 De
1636 4602 1693 4659 quo
1711 4585 1742 4642 in
1756 4602 1830 4660 pra·

122 4606 216 4720 filliis
229 4660 292 4718 suls
308 4660 343 4717 ad
359 4606 452 4718 {ictas
466 4660 605 4735 legendas
620 4659 749 4716 ioannes
767 4656 917 4714 Mobillon.

774 5008 853 5112 DE
896 5004 1317 5114 ldvtcflatsvo

533 5233 614 5306 (voe
629 5234 701 5290 aaa
714 5232 826 5289 eueni·
841 5229 937 5303 opera,
953 5228 1119 5301 caecaque
1132 5236 1196 5286 am.
1213 5229 1256 5299 cr,
1271 5230 1322 5287 cot.
1340 5228 1431 5300 rese.)
