3908 6082
142 332 200 394 cta
342 377 343 380 η
690 328 868 399 ,abscisis
882 328 1100 391 llllRVENSlS
1123 325 1304 391 asetsis.
1793 328 1848 391 644

141 480 172 521 se
192 466 256 537 ejus
275 464 352 535 apud
375 463 467 518 Deum
492 461 696 517 interventioni
721 460 886 529 committit,
900 466 960 516 tam
974 470 1002 538 Α
1018 462 1104 517 niodo
1130 462 1297 534 depressus,
1317 477 1403 533 quom
1428 462 1539 532 potenti
1566 463 1731 517 interventu
1757 468 1849 533 senec

278 554 401 608 fratrum
425 551 607 607 orationihus
637 550 787 607 studiosus
810 549 964 618 incumbit,
1019 550 1163 606 exstiterit
1178 549 1286 605 celesti
1311 548 1456 605 inedicina
1480 548 1621 605 salvatus.
1639 550 1675 605 Et
1702 550 1774 622 quia
1797 550 1850 607 ali·

139 648 265 714 votaque
281 658 335 697 sua
349 640 408 696 Deo
424 657 457 696 ac
473 645 574 696 sancte
600 640 752 695 Mansuete
767 639 827 693 ime
852 643 966 711 pectore
1021 639 1129 711 quade
1153 637 1248 693 sancti
1271 638 1362 709 hujus
1376 637 1536 693 virtutibus
1550 637 1705 710 praesentis
1721 637 1752 693 in
1767 654 1849 697 carus

139 730 284 799 deserens,
306 745 364 784 non
389 729 471 801 prius
495 727 609 784 abstitit
632 744 721 799 quam
746 726 895 783 redeuntis
917 744 966 784 sa·
1021 726 1169 799 pontificis
1199 731 1330 799 tempore
1364 731 1447 799 gesta
1481 726 1561 782 hrevi
1591 725 1718 795 calamo,
1747 730 1784 783 ut
1812 728 1850 785 its

139 817 220 885 lutis,
236 817 360 873 Domino
384 817 554 884 miserante,
572 816 725 888 sanctique
750 815 894 870 hlansueti
909 815 966 870 vir·
1021 815 1130 883 (licam,
1146 815 1275 871 sodalem
1294 814 1349 871 sibi
1372 814 1503 871 libellum
1530 816 1594 887 ejus
1619 815 1744 887 imperio
1770 832 1848 873 exse-

116 898 202 963 ⁸tute
220 908 398 974 conserente,
410 909 527 978 sperata
550 905 693 961 beneficia
713 905 868 976 persensit.
885 904 966 969 Quod
1021 905 1147 972 loturus,
1165 922 1242 959 nune
1265 904 1295 959 in
1315 904 1362 959 his
1379 920 1496 976 quoque
1521 904 1609 959 finem
1635 903 1784 960 iaciamus
1798 906 1844 961 ad·

140 1012 233 1068 usque
249 995 335 1051 hodie
350 994 428 1049 idem
444 993 576 1065 pontifex
591 1009 650 1047 uon
666 991 728 1049 sinc
744 990 881 1065 suspiriis
897 991 966 1049 seli·
1016 994 1075 1063 juti
1090 993 1155 1064 ejus
1170 992 1362 1058 orationibus,
1379 993 1526 1064 aspirante
1547 992 1641 1066 gratia
1660 990 1782 1049 Domini
1797 992 1845 1051 lle

140 1088 187 1140 tus
210 1088 254 1140 est
278 1082 394 1150 reterre,
412 1088 521 1155 quante
537 1098 569 1138 eo
586 1086 715 1153 tempere
740 1080 828 1137 fucrit
851 1081 966 1138 incom-
1022 1080 1193 1153 demptoris.

506 1427 716 1564 vida
770 1424 1091 1566 saddai
1148 1426 1481 1566 BhSOLl

867 1671 1110 1729 CONFESSORIS

760 1823 978 1920 Auctore
1018 1817 1227 1922 Adeone

274 2017 366 2088 (itpnd
384 2015 506 2083 illabili,
525 2017 587 2070 flete
602 2015 649 2069 δ’δ’.
667 2014 725 2069 ord.
742 2015 769 2069 S.
788 2014 899 2085 heard,
916 2016 976 2072 Saec
993 2016 1029 2086 11,
1046 2033 1074 2088 p.
1090 2018 1136 2085 oo,
1152 2031 1187 2072 ee
1201 2016 1367 2071 victoniensis
1381 2019 1538 2072 eremicstcrti
1551 2016 1579 2071 S.
1595 2018 1714 2086 Bosoli.)

764 2306 983 2378 PROLOGUS
1008 2303 1213 2376 AUCTORE

174 2537 198 2590 l.
217 2536 358 2600 Quoniam
381 2535 572 2590 describenda
592 2534 771 2590 sanctissimi
788 2533 962 2590 contessoris
976 2536 1001 2602 Β
1017 2533 1150 2590 ariditate
1171 2533 1320 2590 constricti
1342 2550 1457 2602 sumus,
1475 2538 1555 2590 tanto
1579 2535 1785 2595 vehementius
1806 2537 1837 2593 ad

138 2622 243 2678 Christi
256 2623 814 2696 Brisolivitcactuumqueinsigniaprc
824 2623 961 2678 manibus
1015 2623 1124 2678 lentem
1150 2639 1293 2693 aquarum
1309 2622 1469 2678 viventium
1494 2623 1627 2679 sitientes
1652 2625 1837 2691 recurrimus,

138 2711 291 2781 babemus,
308 2729 340 2766 os
355 2716 384 2767 et
397 2728 447 2766 cor
462 2718 594 2767 nostrum
617 2712 647 2766 in
667 2710 772 2767 ceolum
792 2712 958 2784 dirigimus,
1015 2716 1125 2781 qnante
1140 2710 1341 2766 inardescente
1357 2711 1405 2766 siti
1429 2711 1508 2766 intus
1524 2716 1701 2783 aestuamus,
1714 2714 1744 2769 in
1759 2712 1837 2771 illum

137 2800 216 2877 quia,
233 2805 357 2856 testante
374 2800 535 2872 Scriptura,
546 2800 638 2856 Omne
653 2802 755 2856 datum
771 2801 916 2872 optimum
931 2803 960 2854 et
1014 2799 1208 2871 suspirantes,
1225 2798 1254 2852 in
1279 2798 1362 2855 illum
1387 2804 1488 2856 nostra
1506 2800 1669 2871 praecordia
1690 2806 1836 2875 ponentes,

136 2905 223 2944 omne
238 2890 347 2944 donum
371 2890 530 2959 perlectum
549 2891 705 2945 desursum
721 2906 784 2945 esso
796 2890 861 2960 (loc.
878 2906 898 2954 ι,
916 2888 959 2960 17)
1014 2887 1050 2943 de
1065 2903 1123 2958 quo
1137 2887 1278 2942 veraciter
1299 2887 1443 2960 scriptum
1459 2893 1604 2956 tenemus,
1621 2890 1692 2962 quia
1713 2889 1743 2945 in
1765 2890 1835 2947 coelo

137 2979 351 3049 cognoscimus.
368 2977 408 3030 ltd
435 2977 488 3031 hoc
503 2983 600 3050 nutem
622 2995 696 3049 opus
711 2977 816 3049 trepidi
840 2977 959 3032 omnino
1014 2973 1101 3031 habet
1116 2974 1283 3031 cathedram
1300 2975 1350 3047 qui
1375 2977 1458 3032 docet
1480 2977 1568 3031 corda
1583 2976 1739 3035 leontinum
1754 2980 1832 3047 (Auo

138 3080 258 3119 manuni
269 3065 464 3129 extendimus,
472 3065 541 3135 quia
557 3070 643 3120 tantm
659 3067 787 3120 materiis
803 3066 915 3120 meritis
929 3069 960 3120 et
1013 3072 1089 3120 tract.
1106 3065 1123 3118 3
1139 3067 1169 3119 io
1184 3081 1203 3118 1.
1219 3065 1302 3135 Epist.
1316 3066 1394 3120 loon.
1408 3067 1481 3120 ciros
1494 3066 1599 3136 fierem).

137 3152 253 3224 ingenio
268 3152 395 3223 impares
407 3152 518 3208 viribus
533 3153 616 3208 lraeti
625 3154 857 3220 succumbimus
869 3170 958 3224 quam
1049 3152 1152 3222 Quibus
1166 3152 1323 3209 auctoribus
1337 3156 1452 3225 scriptor
1471 3154 1542 3209 lutere
1553 3156 1638 3210 viarm
1651 3166 1804 3230 componet

138 3240 187 3295 uni
196 3240 353 3311 exantiqui
363 3241 504 3312 temporis
511 3240 690 3312 primoribus
699 3242 771 3297 satis
782 3243 958 3313 condignam
1047 3241 1276 3313 studensque
1297 3241 1427 3314 accipere
1441 3242 1587 3310 volumus,
1605 3244 1685 3300 uncle
1706 3245 1835 3303 innume

136 3346 201 3386 csse
219 3328 438 3400 perpendimus.
454 3328 505 3384 Cui
528 3330 655 3396 etiamsi,
671 3334 704 3386 ut
727 3328 881 3402 gentilium
905 3330 958 3404 lig·
1013 3330 1151 3386 rabilium
1177 3330 1285 3386 lluenta
1311 3331 1487 3403 paginarum
1510 3349 1667 3389 emanasse
1691 3334 1836 3409 cognesci-

137 3422 237 3473 menta
251 3417 390 3483 referunt,
406 3417 549 3474 Homerus
568 3423 620 3473 aut
638 3417 752 3475 Tullius
767 3419 866 3475 Cicero
882 3418 958 3474 redi·
1014 3435 1090 3487 mus,
1102 3419 1188 3490 cujus
1203 3418 1303 3493 gratie
1318 3423 1413 3475 totum
1428 3420 1557 3492 prolecto
1576 3420 1771 3492 ascribimus,
1785 3440 1836 3497 que

138 3510 181 3563 ret
195 3507 231 3563 eb
246 3505 356 3573 inieris,
373 3522 431 3562 non
458 3512 555 3579 posset
568 3507 664 3563 vcrhis
689 3507 837 3563 includere
861 3524 958 3576 omne,
1013 3508 1133 3564 docente
1146 3507 1294 3579 egreditur
1304 3508 1448 3580 quidquid
1463 3510 1618 3581 protertur.
1630 3510 1690 3567 Sed
1702 3516 1733 3569 et
1742 3512 1767 3569 si
1778 3516 1836 3585 pest

137 3600 169 3650 ut
183 3600 299 3669 gestum
314 3599 368 3664 est,
383 3611 456 3666 opus
471 3596 575 3651 divinae
590 3596 719 3665 virtutis;
736 3601 845 3669 quante
860 3598 960 3654 minus
1014 3614 1070 3652 noo
1082 3598 1180 3654 subito
1191 3596 1332 3669 prosiliat,
1347 3597 1397 3669 qui
1408 3615 1481 3671 opus
1492 3598 1546 3655 hoc
1557 3602 1696 3656 nostrum
1704 3600 1835 3675 evestigio

136 3699 190 3759 ogo
200 3679 281 3740 solus
292 3684 458 3752 homuncio,
471 3685 518 3743 cui
529 3701 580 3740 nec
591 3686 714 3743 scientia
724 3690 828 3758 prosto
839 3692 894 3755 cst,
905 3702 959 3742 nce
1013 3686 1187 3755 remordeat,
1204 3690 1237 3742 ut
1258 3690 1287 3743 et
1310 3686 1372 3759 ipsc
1397 3686 1443 3743 his
1461 3687 1614 3745 venustius
1628 3688 1835 3763 componendis

136 3775 308 3829 meritorum
321 3771 381 3828 ullu
395 3773 516 3829 decusat
532 3773 615 3837 ratio,
627 3790 679 3829 nec
696 3790 739 3839 ea,
752 3790 816 3845 que
826 3774 856 3831 in
872 3775 959 3831 rebus
1013 3774 1120 3846 eloquii
1136 3774 1182 3831 sui
1194 3779 1337 3831 terrentes
1348 3774 1462 3843 induat,
1474 3792 1537 3847 que
1553 3792 1607 3833 nos
1620 3776 1727 3835 minus
1741 3776 1834 3836 idone

136 3861 345 3920 excellentibus
360 3867 406 3917 est
428 3862 510 3917 valde
532 3863 706 3931 necessaria,
722 3863 798 3918 electi
815 3863 959 3920 sermonis
975 3900 996 3966 C
1013 3863 1056 3919 vel
1072 3869 1180 3919 temere
1193 3862 1394 3936 composuisse
1410 3864 1577 3937 redarguas
1595 3864 1721 3923 reducet
1735 3866 1773 3923 sd
1785 3881 1833 3925 ms

137 3951 249 4007 oratio?
264 3951 339 4016 Quid
354 3951 441 4024 ergo?
456 3952 509 4007 etsi
526 3951 638 4023 indigni
653 3968 767 4020 sumus,
779 3952 899 4006 omuino
915 3956 960 4006 ta·
1014 3952 1150 4019 moriare,
1167 3951 1245 4023 qriod
1261 3968 1317 4007 aon
1334 3951 1388 4009 hoc
1404 3953 1539 4025 proprius
1554 3952 1703 4025 quidlibet
1716 3952 1833 4013 faciendi

137 4038 428 4095 cebimusll'orsitan
440 4039 642 4111 enimculpam
654 4039 957 4111 incurrimussiejus,
1014 4040 1151 4112 impetus,
1168 4040 1218 4096 sed
1235 4045 1410 4112 preceptum
1426 4038 1636 4099 venerabilium
1653 4042 1776 4103 cauom
1789 4058 1832 4103 uas

137 4126 172 4181 de
188 4143 245 4198 quo
260 4142 375 4199 semper
395 4127 481 4199 digne
505 4128 583 4200 loqui
609 4144 777 4201 possumus,
794 4128 916 4184 virtutes
930 4131 959 4183 et
1014 4127 1137 4193 duxerit,
1149 4128 1205 4183 suh
1216 4145 1339 4199 quorum
1354 4127 1475 4202 irnperio
1491 4128 1672 4199 militamus,
1689 4130 1831 4205 quibussi

136 4213 451 4286 operasilcmus.01md
460 4216 484 4270 si
494 4233 527 4271 cx
538 4216 958 4273 nohisnullamsulhcientiam
1013 4215 1289 4285 contradiceremus,
1303 4217 1423 4289 majoris
1438 4217 1589 4275 dementiae
1604 4221 1689 4277 oclus
1703 4237 1772 4279 esse
1786 4237 1832 4296 pu·

137 4303 289 4370 hahemus,
307 4302 455 4358 credimus
476 4309 584 4373 tamen,
603 4310 635 4360 ot
650 4305 806 4375 Gregorius
821 4306 958 4362 Romane
1013 4306 1149 4360 trivimus.
1163 4304 1295 4377 ipsorum
1306 4322 1374 4379 crgo
1385 4310 1486 4362 contra
1500 4307 1599 4363 omnia
1614 4308 1779 4381 inopinatae
1794 4310 1831 4366 ob

136 4408 186 4448 rex
201 4391 372 4464 eloquentie
397 4392 508 4457 scribit,
526 4393 595 4463 quia
613 4393 698 4462 vires,
715 4412 789 4466 qiias
812 4395 959 4466 imperitia
1009 4392 1146 4464 Jectionis
1157 4392 1258 4465 jaculo
1272 4393 1440 4450 detonsione
1451 4394 1637 4464 corilidimus,
1650 4398 1765 4469 quibus
1778 4400 1831 4455 ote

135 4482 268 4553 denegat,
286 4479 413 4535 charitas
436 4480 645 4537 ministrati]
666 4483 788 4538 tortasse
803 4498 836 4539 ce
856 4484 959 4539 lacun—
1014 4483 1129 4539 dientiae
1145 4500 1220 4538 onus
1240 4482 1409 4539 auctoribus
1424 4483 1606 4540 tolerandum
1621 4502 1689 4543 esse
1709 4484 1830 4559 suscepi·

136 4661 245 4729 quanto
256 4657 324 4729 quis
334 4657 483 4713 humiliter
498 4659 575 4713 intra
587 4676 671 4714 snam
683 4676 713 4715 sc
724 4660 862 4732 deprimit
876 4660 958 4733 igno·
1013 4665 1072 4714 tam
1088 4660 1271 4716 honestatem
1287 4659 1340 4715 hac
1354 4666 1454 4716 nostra
1469 4665 1551 4717 :etate
1566 4662 1712 4735 regularis
1729 4662 1832 4721 mititte

135 4746 271 4814 cantiam,
285 4752 365 4802 tanto
381 4746 550 4803 sublevatur
563 4747 686 4803 interius
702 4766 753 4820 pcr
767 4748 908 4820 Spiritum
925 4749 958 4804 il·
1013 4753 1082 4804 sunt
1106 4754 1288 4820 reparatores
1317 4753 1405 4820 atquc
1433 4755 1609 4806 recreatores
1633 4752 1703 4821 (13).
1727 4752 1832 4819 Quibus

135 4834 340 4901 luminantem,
357 4842 384 4889 ct
398 4835 581 4891 auditoribus
591 4836 690 4892 ariimo
701 4836 802 4891 utilius
813 4835 887 4892 solet
897 4855 960 4909 pro-
1012 4852 1080 4892 cum
1094 4835 1328 4903 obedirrius,citre
1344 4841 1448 4892 nostre
1461 4836 1594 4893 ordinem
1607 4836 1792 4895 honoramus
1804 4852 1833 4893 se

135 4926 219 4979 desse
231 4925 307 4996 quod
325 4924 455 4996 procedit
465 4926 592 4981 exterius
607 4942 641 4979 cx
654 4941 720 4980 vcra
735 4923 959 4982 linostimam
1014 4930 1117 4980 nostra
1129 4924 1277 4980 servitutis
1289 4925 1471 4996 propositum
1483 4924 1606 4981 illaesum
1616 4941 1832 4983 conservamus.

134 5029 201 5068 cero
218 5013 309 5067 oratio
325 5029 388 5084 qua·
403 5030 436 5067 es
459 5015 535 5068 fastu
556 5012 699 5085 superbiae
714 5013 819 5084 prodit,
838 5015 958 5071 audien·
1012 5014 1084 5069 Cum
1100 5031 1166 5069 cero
1181 5015 1218 5069 ab
1234 5030 1334 5069 eorum
1345 5013 1511 5070 obedientia
1524 5019 1631 5070 temere
1641 5012 1833 5081 declinamus,

134 5106 194 5156 tem
220 5118 276 5157 iren
299 5102 428 5171 acljuiat,
444 5103 493 5157 sed
519 5101 641 5157 l'astidit.
659 5102 733 5173 Ergo
758 5101 827 5174 quia
851 5103 958 5159 mentis
1012 5102 1758 5177 Deumolleodinmsauimas·nostraslaediinus,pro
1768 5120 1834 5161 mee

135 5314 141 5325 ·
171 5242 425 5326 (lhilirodoardus
448 5244 476 5298 in
494 5244 605 5327 cirron.
623 5243 658 5298 ad
677 5244 804 5331 amit-52.
821 5245 957 5329 detoldus,
1013 5246 1157 5327 restitutis
1179 5246 1397 5318 praeficiendum
1422 5252 1564 5302 curarunt
1582 5246 1727 5331 Odoleum
1748 5248 1836 5305 notr-

134 5315 957 5459 “ittt:.-tt'ttttttt'tstttttttttdtttt.'titt
1011 5317 1838 5461 itatatadttlgttiitttttmastitistis

133 5402 242 5513 hetam
259 5428 328 5512 itlhd
352 5458 536 5540 llincmorcuel
551 5459 675 5514 llohnoro
698 5431 957 5515 abhatibus'llinc·
1011 5433 1204 5532 superest,’ut
1223 5460 1389 5542 Gierbertus·
1406 5461 1435 5515 in
1459 5405 1578 5533 epistqi
1599 5466 1738 5519 testatur.

135 5544 235 5584 marus
250 5528 342 5583 abbas
353 5530 383 5584 S.
397 5528 479 5584 llerm
501 5545 520 5583 n
536 5530 613 5601 opud
627 5529 744 5600 ltemes,
756 5534 785 5585 et
800 5531 957 5588 liotmarus
1012 5531 1201 5589 tluillclmum
1215 5530 1312 5588 llerlot
1326 5550 1355 5588 in
1372 5531 1422 5587 hh.
1438 5549 1467 5588 ιν
1483 5536 1606 5607 nectrcp.
1619 5532 1715 5603 Rem„
1727 5548 1793 5607 cap.

134 5597 357 5658 Atticillacensia
373 5598 444 5658 torte
455 5600 491 5658 ab
514 5615 556 5672 as,
569 5600 721 5660 monacbis
730 5601 808 5677 apud
819 5601 957 5663 Basclum
1012 5607 1040 5661 et
1054 5606 1099 5661 26.
