3900 6090
59 274 137 335 uec
513 260 521 269 ·
580 270 763 336 rusrouu
787 270 989 336 eassrours
1012 274 1045 335 e.
1068 256 1250 336 acueris
1684 277 1762 344 riso

57 410 141 464 Tunc
155 407 244 463 otiam
260 405 374 478 probris
390 406 462 460 dure
476 407 598 479 cogebat
613 408 732 475 amaris,
898 407 993 476 Ahis
1009 407 1108 476 dietis,
1126 426 1201 464 serva
1218 426 1324 482 praeses
1339 413 1514 468 commotior
1529 413 1583 483 ira,
1661 408 1665 413 ’

58 497 95 554 Ut
108 513 140 552 se
155 500 257 568 sponte
273 494 318 550 sui
334 495 395 550 nati
412 495 561 567 copularet
574 496 677 565 amori,
940 494 1071 552 Caelestis
1086 514 1225 569 sponsam
1237 499 1334 572 Regis,
1342 501 1445 571 jussit,
1460 503 1668 571 venerandam,

55 587 91 642 ei
106 585 265 640 simulacra
280 585 367 640 ileum
384 584 498 652 coloret,
512 585 721 658 Christumque
737 588 864 659 negaret.
936 583 1075 640 Vestibus
1090 591 1217 652 exutam,
1234 591 1293 642 tote
1308 605 1424 660 quoque
1440 606 1558 663 corpore
1569 592 1690 661 nudam,

64 677 100 730 ed
113 674 194 747 virgo
210 672 317 729 Chrisli
335 690 388 729 uec
405 673 561 746 suppliciis
578 675 726 747 superari,
938 673 1014 728 168
1030 673 1225 730 Concurreute
1241 676 1315 730 trahi
1331 678 1531 734 conventiculo
1547 680 1691 752 populari,

55 765 115 820 Nec
131 763 342 819 blandimentis
358 765 453 836 potuit
467 764 614 819 devincier
627 763 704 831 ullis,
938 761 1027 833 Inque
1044 761 1194 833 lupanaris
1206 763 1297 833 jussit
1313 765 1482 821 concludier
1497 769 1602 837 nutris,

56 853 132 921 Quin
149 857 277 908 servaret
291 853 415 907 auratori
431 852 494 908 siue
510 853 611 907 fraude
627 853 727 924 primi,
938 849 969 904 ln
986 867 1043 921 quo
1061 850 1158 906 lascivi
1170 853 1304 922 juvenes,
1322 854 1444 910 rationis
1459 858 1553 927 egoni,

56 944 138 1011 Quod
152 942 264 1016 pepigit
279 945 407 1012 pactum,
424 940 508 1014 siguo
524 942 589 996 fidei
601 941 775 996 stabilitum.
937 938 1088 1010 Colloquio
1104 940 1314 996 scelerosarum
1325 944 1454 1014 gaudent
1469 945 1637 1001 mulierum.

55 1032 107 1088 Cui
123 1048 240 1103 praeses,
256 1047 374 1101 pratum
392 1048 509 1086 rursum
527 1047 668 1085 renovans
684 1028 846 1097 suadelam,
938 1027 992 1082 Sed
1008 1028 1152 1094 Christus,
1169 1030 1291 1100 proprie
1307 1031 1439 1101 praebens
1462 1034 1606 1090 solamina
1621 1053 1744 1108 sponsae,

56 1120 134 1176 Dixit
149 1137 156 1174 ι
174 1120 204 1175 Si
217 1119 394 1190 verocupias
410 1119 520 1174 intucta
536 1136 653 1173 irrupere
937 1115 1017 1170 illam
1034 1116 1171 1170 comiciis
1185 1118 1263 1190 tarrgi
1276 1136 1333 1172 nou
1351 1121 1478 1176 sustinet
1491 1122 1568 1180 ullis.

55 1209 153 1281 Virgo,
171 1209 229 1263 dere
247 1225 359 1280 magum
375 1207 462 1262 eitius
478 1209 656 1280 subjungere
671 1207 775 1274 Vestm,
936 1206 999 1271 list,
1013 1205 1062 1259 uhi
1077 1205 1215 1261 distracto
1231 1208 1361 1262 nudatur
1374 1210 1500 1282 tegmine
1515 1216 1585 1279 toto,

55 1299 127 1370 Ejus
142 1296 290 1352 sacricolis
307 1300 334 1352 et
349 1297 517 1353 consociare
533 1296 651 1369 puellis,
937 1293 1080 1348 Continuo
1092 1293 1165 1348 hono
1180 1295 1294 1350 densati
1311 1313 1423 1353 crevere
1440 1300 1549 1371 capilli,

55 1388 117 1452 Quo
133 1385 278 1459 condigne
293 1386 347 1441 fras
363 1384 406 1441 illi
424 1401 541 1458 semper
556 1383 704 1440 famulari.
938 1382 990 1449 Qui
1005 1383 1094 1437 ductu
1105 1381 1192 1454 longo
1208 1382 1282 1455 lapsi
1298 1386 1333 1440 de
1346 1387 1452 1442 vertice
1467 1406 1596 1459 summo,

91 1474 157 1531 ileo
172 1473 268 1546 inquit
282 1490 400 1546 preses,
417 1478 519 1529 contra
534 1474 584 1529 scd
597 1474 639 1528 sic
655 1472 695 1529 ait
709 1475 806 1547 Agnes
821 1490 827 1527 :
937 1470 1145 1526 Desceudeudo
1161 1473 1269 1542 pedum
1286 1473 1401 1546 plantas
1416 1477 1536 1550 tetigere
1551 1480 1683 1549 tenellas,

56 1564 87 1621 si
103 1562 176 1618 mihi
187 1564 255 1634 jure
270 1567 354 1618 tuum
370 1563 481 1635 placuit
497 1568 686 1619 contemnere
701 1569 814 1630 natum,
937 1558 1049 1631 Corpus
1063 1564 1092 1615 et
1106 1577 1192 1616 omne
1207 1562 1324 1617 comitis
1340 1564 1448 1636 tegitur
1462 1583 1514 1622 ceu
1526 1569 1653 1641 tegmine
1664 1571 1762 1628 vestis.

56 1652 111 1720 Qui
126 1652 238 1707 ratione
254 1651 366 1724 vigens,
382 1652 497 1707 cunetis
512 1668 628 1723 quoque
644 1652 781 1708 sensibus
798 1656 883 1707 utens
937 1646 1031 1720 thue
1046 1647 1197 1720 lupanaris
1213 1650 1335 1707 caleavit
1347 1651 1449 1709 limina
1460 1656 1564 1727 tristis,

56 1740 218 1814 Carporeis,
236 1741 334 1796 anima
349 1741 460 1813 regitur
476 1758 628 1813 nunquam
645 1741 797 1810 moritura,
936 1736 1088 1810 Extemplo
1098 1737 1196 1793 suanis
1208 1739 1300 1794 sensit
1313 1739 1467 1797 dulcamen
1483 1745 1590 1815 odoris,

58 1829 197 1896 Quamuis
212 1829 250 1884 sit
265 1829 371 1884 merite
388 1828 526 1884 barathro
542 1829 724 1884 claudendus
740 1829 769 1884 in
787 1829 856 1897 imo,
938 1827 1031 1897 Atque
1046 1825 1143 1881 loeurn
1160 1831 1274 1899 turpem
1285 1829 1524 1902 mirosplendore
1536 1834 1694 1892 micantem

57 1916 171 1974 Multtis
184 1933 316 1974 errorum
333 1934 385 1988 pro
400 1917 567 1972 commissis
583 1918 742 1986 variorum,
939 1914 1067 1985 Aspexit,
1084 1915 1213 1970 tenebris
1228 1917 1279 1988 qui
1295 1918 1431 1975 sordebat
1444 1920 1527 1992 prius
1541 1923 1623 1982 atris.

57 2008 103 2076 Ni,
121 2003 225 2063 s'anum
237 2007 364 2079 sapiens,
381 2011 410 2061 et
425 2006 663 2079 quandoquidem
677 2007 847 2080 respiciens,
939 2004 1059 2071 Etcum
1076 2002 1619 2077 sordidulumcompulsasubintratiu
1636 2018 1766 2081 autrum,

56 2096 94 2154 Se
109 2095 182 2169 tingi
198 2095 285 2152 faciat
297 2113 372 2169 pura
385 2095 573 2168 baptismatis
589 2096 680 2165 unda,
938 2090 1066 2164 Angelus
1081 2091 1237 2148 Altithroui
1253 2091 1359 2150 blande
1374 2096 1454 2152 stetit
1469 2098 1573 2158 obvius
1587 2101 1641 2172 illi,

56 2185 145 2252 Oueis
159 2189 187 2241 te
200 2202 285 2257 posse
299 2185 402 2256 minis,
413 2184 457 2241 vel
474 2185 558 2257 queis
573 2186 693 2240 tandem
709 2184 848 2254 suadelis,
941 2180 1043 2236 Cestos
1060 2179 1201 2236 indubius
1213 2181 1309 2238 fuerat
1323 2183 1372 2255 qui
1388 2188 1519 2259 corporis
1534 2191 1610 2261 ejus,

55 2274 101 2330 Ad
116 2274 342 2331 simulacrorum
359 2274 433 2331 reris
448 2290 496 2329 me
511 2290 613 2347 cogere
628 2272 763 2329 cultum?
942 2267 1054 2324 Obtulit
1069 2272 1097 2323 et
1109 2273 1221 2324 vestem
1238 2269 1321 2326 niveo
1336 2271 1492 2344 splendore
1505 2277 1676 2351 micantem,

56 2363 210 2420 Artificum
226 2380 307 2431 eura,
324 2381 400 2436 que,
413 2363 595 2419 confermata
610 2361 738 2431 metallo,
940 2357 1012 2429 Ejus
1027 2373 1171 2412 mensure
1188 2358 1400 2416 conformatam
1416 2363 1488 2418 satis
1503 2369 1580 2438 apte,

60 2453 259 2509 Membrorum
275 2452 379 2509 falsam
396 2456 515 2525 portant
531 2451 716 2508 solummodo
733 2452 868 2521 formam,
942 2445 1001 2501 Hae
1017 2445 1121 2500 induta
1131 2446 1249 2518 quidem
1266 2447 1371 2502 direxit
1386 2450 1423 2504 ad
1438 2451 1546 2510 athera
1559 2473 1669 2528 vocem,

64 2540 183 2597 Mobilis
197 2542 328 2597 officium
343 2540 491 2613 complent
505 2558 558 2597 nec
573 2541 704 2615 corporis
720 2540 826 2608 ullum,
942 2533 1066 2590 Assidue
1081 2540 1177 2606 grates
1193 2534 1308 2592 Christo
1322 2541 1487 2596 resonando
1503 2560 1617 2613 suaves,

60 2630 98 2686 Et
113 2646 208 2702 neque
223 2630 346 2686 viventis
362 2631 524 2703 quidquam
536 2634 701 2686 monstrant
716 2630 853 2687 animalis
943 2623 1034 2694 Cujus
1050 2640 1134 2695 opem
1149 2623 1222 2679 tanti
1238 2625 1330 2680 sensit
1345 2628 1401 2681 sub
1416 2628 1493 2684 fasee
1508 2632 1619 2704 pericli,

60 2720 136 2775 m
148 2720 267 2792 thuod
278 2719 366 2775 abbis
377 2719 535 2776 insensatis
550 2720 749 2792 monstrisque
759 2720 890 2794 profanis
944 2711 1035 2784 Cujus
1050 2714 1078 2767 θῑ
1093 2711 1201 2768 auxilio
1217 2712 1312 2769 fuerat
1326 2718 1455 2785 prolecta
1468 2724 1599 2790 paterno,

61 2806 200 2864 Solamen
214 2809 279 2863 vitm
295 2808 431 2864 mihimet
442 2825 558 2881 sperare
572 2810 705 2881 gerenda>
944 2800 986 2857 Ne
1001 2804 1100 2873 posset
1113 2801 1219 2857 veleris
1233 2803 1380 2875 corrumpi
1393 2804 1548 2864 fraudibus
1560 2809 1665 2869 hostis.

65 2897 200 2964 Possum,
217 2915 293 2969 qum,
308 2897 367 2953 vita
377 2914 524 2969 sensuque
539 2897 668 2954 carentia
679 2902 795 2966 cuncto,
945 2889 1059 2944 lsslssiffl
1069 2890 1204 2960 juvenes,
1219 2896 1325 2947 ssoeffllt)
1338 2894 1425 2950 ⁰⁰sd0
1440 2895 1581 2967 Γῦΐθῐὶῑθὸ,

65 2985 123 3041 Nee
139 2985 194 3042 sibi
211 2986 377 3058 proficiunt,
394 2986 466 3040 mihi
483 3003 535 3041 nec
551 3003 720 3042 succurrere
742 2987 891 3059 possuntt
946 2977 1079 3050 Undique
1094 2978 1354 3048 ⁰01180l15,011rsin1
1370 3000 1483 3053 venere,
1498 2991 1632 3063 eatenus,

65 3074 131 3130 Hac
146 3075 196 3129 ubi
212 3075 291 3130 dicta
306 3075 396 3142 dedit,
412 3091 519 3146 preses
534 3076 724 3147 Sempronius
738 3077 853 3148 iuquit:
946 3069 1095 3123 Cedentes
1106 3067 1203 3122 studio
1218 3086 1358 3140 perversu
1375 3072 1481 3128 mentis
1497 3074 1610 3148 iniquo,
1700 3096 1705 3101 ·

65 3161 229 3218 florentem
247 3163 349 3235 primis
364 3167 392 3218 te
407 3180 475 3218 uuna
491 3180 634 3236 cognosco
646 3165 701 3219 sub
716 3165 812 3232 aunis,
906 3149 928 3217 C
948 3156 1018 3222 Quis
1033 3156 1113 3228 pflOP
1127 3156 1259 3224 isslfflfssb
1271 3157 1314 3212 Vssl
1330 3160 1398 3231 quis
1410 3163 1574 3232 perdiscere
1589 3175 1707 3239 posset·

65 3250 187 3322 Ingenio
201 3267 330 3322 parvam,
349 3267 401 3305 neo
417 3267 475 3306 non
492 3254 573 3306 atate
589 3250 736 3307 tenellam.
945 3247 988 3300 An
999 3245 1089 3319 virgo,
1107 3246 1228 3302 suffulta
1241 3248 1286 3301 sui
1299 3250 1463 3306 munimine
1478 3252 1596 3325 Christi,

65 3338 151 3407 Hine,
166 3338 293 3394 infantili
309 3340 454 3410 parcendo
471 3340 662 3412 simplicitati,
946 3333 1021 3402 Ilmc,
1040 3351 1102 3407 qum
1119 3335 1250 3391 carnales
1265 3353 1381 3409 semper
1395 3343 1571 3416 contempsit
1586 3363 1711 3419 amores,

65 3427 226 3483 Prudenter
236 3431 264 3483 te
279 3431 429 3499 supporto,
444 3426 552 3483 lasciva
569 3427 675 3501 puella,
945 3422 1012 3479 lum
1027 3441 1106 3479 nune
1120 3423 1237 3496 incepto
1253 3431 1353 3498 posset
1368 3429 1525 3499 persistere
1541 3435 1630 3491 vote?

64 3517 128 3582 Quo
144 3516 288 3588 parcendo
303 3522 387 3571 tuum
405 3516 492 3571 citius
504 3520 530 3571 te
546 3518 661 3572 flectcre
677 3517 784 3573 collum
946 3513 1004 3567 Nee
1020 3530 1111 3582 mora,
1128 3520 1384 3584 cognoscentem
1403 3521 1601 3579 contradicere
1616 3533 1751 3596 pessunt.

65 3604 126 3659 Sub
142 3604 233 3659 sacris
247 3604 341 3660 Vesta
356 3603 465 3677 plantis
481 3604 586 3660 facium
598 3606 778 3661 venerande.
946 3600 1027 3667 cuod
1044 3618 1195 3673 uunquam
1210 3599 1331 3673 longum
1343 3604 1409 3675 quis
1420 3607 1655 3667 confundeturiu
1667 3632 1772 3687 evum,

63 3693 194 3764 Jureque
208 3697 375 3748 nostrorum
391 3710 500 3749 numen
516 3693 630 3765 placare
650 3695 782 3750 deorum.
946 3687 1010 3755 Qui,
1023 3690 1145 3744 credens
1160 3689 1289 3747 domino·
1299 3691 1383 3747 firma
1397 3710 1448 3764 spe
1459 3697 1566 3766 pendet
1581 3698 1611 3752 in
1627 3699 1677 3757 illo

64 3781 134 3847 Sed,
149 3781 185 3847 si,
201 3786 261 3839 iam
277 3782 380 3838 mitem
395 3783 558 3854 spernendo
574 3783 632 3838 mei
646 3782 793 3855 pietatem,
946 3778 1034 3846 Nava,
1050 3778 1219 3850 quicunque
1231 3797 1286 3835 sua
1301 3780 1471 3853 compulsus
1486 3789 1584 3841 mente
1597 3790 1734 3862 superba,

65 3869 308 3940 Contraluctnris,
324 3888 389 3926 mea
404 3889 456 3927 nec
472 3875 608 3945 precepta
623 3872 764 3944 sequeris,
946 3867 1023 3923 lut)
1039 3867 1205 3940 Ingreditur
1220 3869 1314 3940 turpis
1329 3868 1456 3926 latebras
1467 3875 1640 3932 temerarius
1655 3878 1735 3949 redis,

64 3957 148 4014 Ultra
162 3975 219 4014 nou
237 3976 333 4031 parco,
351 3959 412 4028 sed,
429 3960 488 4015 vim
500 3961 615 4030 justam
631 3960 774 4027 faciendo,
947 3955 983 4012 Ut
999 3955 1096 4011 radies
1107 3955 1182 4011 lueis
1197 3957 1269 4011 vidit
1283 3957 1356 4014 mire
1372 3958 1532 4030 rutilantis,

65 4047 172 4104 Mando
187 4049 242 4109 sub
258 4047 389 4104 obscenae
405 4048 524 4104 latebris
541 4054 568 4104 tc
581 4049 711 4106 claudier
725 4049 807 4122 adis,
946 4043 1089 4116 Angelicae
1105 4045 1325 4119 praefulgentem
1336 4048 1484 4122 vestisque
1500 4055 1637 4126 tutorem,

65 4137 99 4193 ln
114 4154 171 4209 qua
186 4137 361 4193 criminibus
372 4143 472 4211 turper
484 4139 613 4210 gaudent
626 4139 777 4208 mulieres,
947 4135 1105 4206 Correptus
1120 4134 1198 4207 sigui
1215 4134 1305 4190 nimio
1317 4139 1425 4192 terrore
1441 4142 1590 4213 stupendi,

64 4225 219 4282 streniam
235 4226 414 4300 pollutarum
426 4227 537 4282 sociam
554 4228 752 4297 meretricum,
948 4222 1113 4279 Prostratus
1129 4239 1217 4278 sacrae
1233 4221 1344 4294 plantis
1359 4225 1504 4299 extemplo
1515 4229 1629 4301 puellm,

65 4316 128 4382 Quo
144 4319 185 4384 tu,
200 4332 263 4387 qua
279 4314 356 4371 clare
372 4314 464 4388 polles
478 4317 513 4370 de
530 4316 621 4388 stirpe
635 4320 740 4384 ereata,
947 4310 1089 4380 Postulat,
1105 4327 1237 4366 errorum
1252 4310 1344 4367 laxari
1356 4312 1450 4369 vinela
1465 4333 1597 4385 suorum,

64 4402 196 4459 Dedecus
211 4421 298 4459 omne
314 4403 372 4459 tuis
388 4404 429 4459 sis
444 4409 473 4460 et
487 4403 619 4460 confusio
635 4405 739 4476 turpis.
947 4396 1143 4471 Testaturque
1158 4401 1251 4455 Deum
1265 4417 1366 4457 verum
1384 4403 1444 4458 fore
1455 4405 1521 4475 jure
1537 4405 1703 4478 colendum,

63 4494 101 4548 At
115 4510 199 4548 sacra
212 4493 304 4566 virgo,
316 4493 405 4548 minis
416 4492 541 4547 nimium
558 4493 707 4565 trepidans
719 4495 891 4566 superistiS,
907 4515 930 4580 Ι)
946 4489 1016 4561 Ejus
1033 4488 1159 4545 cultores
1174 4489 1224 4561 qui
1240 4490 1440 4546 consolabitur
1454 4508 1566 4549 omnes.

63 4582 209 4637 Audacter
223 4600 291 4638 mox
306 4582 442 4655 prefacta
457 4582 534 4637 eedit
548 4582 605 4638 ista
619 4599 782 4655 responsa:
945 4577 1051 4650 Sisque
1066 4578 1147 4634 locus
1162 4577 1305 4634 scelerum
1322 4580 1427 4636 domus
1437 4581 1563 4638 efficitur
1573 4585 1770 4656 precularum.

65 4670 96 4726 Si
113 4674 144 4725 tu
156 4688 283 4743 namque
294 4672 386 4726 Deum
398 4670 488 4727 scires
502 4671 590 4739 hune,
599 4689 685 4743 quem
698 4671 889 4743 eolo,verum,
946 4669 1076 4723 Tandem
1092 4667 1219 4740 prefecti
1231 4672 1318 4724 natus
1333 4669 1410 4724 venit
1425 4670 1501 4726 male
1512 4689 1613 4740 sanus,

64 4757 207 4831 illiusque
222 4763 396 4833 potestatem
412 4760 475 4815 sine
491 4761 548 4815 sine
561 4760 715 4834 vigentem,
946 4758 1036 4828 Cujus
1051 4757 1194 4812 sustinuit
1209 4774 1298 4813 eausa
1310 4757 1369 4813 vim
1379 4756 1458 4831 virgo
1470 4759 1564 4816 beata.

64 4849 128 4916 Qua
143 4866 269 4921 sempor,
285 4848 417 4922 proprios
433 4849 478 4921 pie
502 4850 691 4906 confortando
711 4850 874 4917 ministros,
946 4846 1010 4914 Qui,
1028 4863 1096 4901 nrex
1111 4846 1262 4918 ingressus
1277 4846 1384 4902 ridenti
1399 4849 1495 4916 eorde,
1512 4849 1645 4909 misellus

63 4936 185 5008 Antiqui
201 4937 320 4992 fraudes
336 4936 429 4993 bostis
440 4937 597 5011 confringit
610 4942 639 4992 et
653 4955 767 5007 omnes,
947 4936 1004 4991 Nec
1020 4934 1216 4989 dixitlaudem
1233 4934 1365 5004 Domino,
1379 4954 1431 4993 nec
1447 4939 1542 4994 reddit
1556 4940 1707 5012 honorem,

64 5023 149 5081 Talia
163 5026 312 5081 verbotuo
328 5025 420 5082 nolles
436 5026 611 5099 profundere
625 5031 731 5096 rostro,
947 5024 1046 5080 Gratia
1061 5022 1194 5078 tristifico
1206 5023 1291 5094 cujus
1302 5025 1435 5081 radiabat
1451 5027 1479 5082 in
1497 5032 1592 5098 antro,

64 5113 123 5170 Nec
138 5113 210 5169 mihi
227 5118 351 5170 terrores
365 5116 471 5171 totiens
486 5132 653 5188 preponere
668 5115 778 5171 tristes.
945 5112 1001 5167 Sed
1013 5112 1048 5166 dc
1064 5128 1094 5166 se
1109 5110 1244 5166 stabilem
1260 5110 1343 5168 latus
1358 5115 1495 5171 tendebat
1511 5117 1540 5172 in
1551 5119 1653 5188 eedem,

64 5202 138 5258 Hinc
153 5219 217 5274 ego,
234 5221 309 5275 quae,
325 5205 462 5260 sectando
478 5204 566 5259 furem
580 5203 686 5259 Christi
711 5202 872 5271 meliorem,
944 5200 1086 5272 Amplexu
1103 5198 1180 5255 dulei
1194 5216 1316 5273 sperans
1331 5219 1362 5258 se
1372 5203 1495 5276 virginis
1506 5206 1558 5276 uti,

64 5289 151 5347 Illum
165 5308 319 5364 cognosco,
337 5309 389 5348 nee
404 5309 462 5348 non
478 5309 639 5366 cognoscor
653 5293 689 5347 ab
703 5291 764 5364 illo,
945 5290 1011 5347 Jam
1023 5288 1101 5344 licito
1113 5305 1201 5344 sacre
1216 5290 1301 5361 cujus
1316 5289 1474 5364 languebat
1487 5311 1596 5353 amore.

64 5380 162 5452 Ipsius
177 5379 278 5436 dextra
291 5396 339 5436 me
350 5380 523 5437 defendente
539 5397 676 5452 superna,
946 5379 1002 5435 Sed
1017 5377 1123 5434 Christi
1138 5376 1231 5450 pietas
1246 5395 1299 5434 nee
1314 5397 1372 5435 uon
1383 5380 1521 5452 precelsa
1532 5388 1671 5457 potestas,

64 5467 156 5541 Spero
166 5466 264 5523 delicti
281 5486 432 5542 nunquam
448 5470 571 5526 maculis
586 5469 698 5538 violari,
947 5467 1070 5525 Fortiter
1084 5466 1231 5522 obsistens
1241 5465 1273 5521 ili
1288 5484 1425 5539 perversa
1436 5470 1553 5541 volenti,

64 5555 167 5616 Cernis
181 5558 338 5634 spurcitias
349 5559 461 5638 fragilis
477 5560 529 5617 sed
538 5559 651 5618 vincere
663 5562 793 5619 cunctas.
945 5554 1143 5634 Aeorruptela
1152 5556 1300 5634 propriam
1310 5557 1435 5636 protexit
1449 5558 1611 5641 alumnam,
