3900 6090
89 281 169 348 icae
610 284 815 350 GOMOEDIAE
836 286 924 351 SEX.
939 287 1046 355 -1v.
1066 291 1273 362 ABRAHAM·

429 432 575 474 antistitii.
927 430 955 497 Α
1331 448 1431 489 ninii.

128 507 241 563 Matuta
253 504 379 576 nitescit,
395 503 529 576 lucescit,
543 507 694 565 abeamus.
1005 513 1159 588 Competit.

452 613 552 654 asiais.
1288 608 1402 666 SCENA
1425 611 1471 669 tii.

126 688 222 743 Tuum
238 688 293 755 est,
309 687 356 740 ss
376 685 459 741 Pater
472 686 607 753 amande,
625 693 658 744 ut
672 688 708 744 ad
729 688 822 746 instar
845 687 914 745 boni
1315 714 1441 755 nriiasii.

89 775 217 850 pastoris
231 775 378 847 procedas
403 781 547 847 repertam
563 792 656 845 ovem,
672 782 702 834 ot
716 794 770 849 ego
793 778 914 850 paritius
1004 781 1080 837 Num
1097 783 1168 839 mihi
1184 783 1294 858 aliquid
1312 789 1398 845 atiers
1412 789 1535 861 gaudii?

90 866 229 922 incedens
243 863 374 936 vestigiis
389 865 553 937 sutisequor
568 867 788 938 praecedentem.
1306 894 1453 934 Annium,

430 971 578 1010 iniaiiiiiii.
1003 957 1042 1011 ito
1059 959 1169 1030 magni.

127 1045 210 1102 Haud
232 1043 288 1111 ita3
306 1043 356 1097 sod
380 1058 433 1115 ego
456 1043 580 1114 podibus
604 1044 748 1112 incedam,
764 1048 793 1100 te
815 1049 913 1100 autern
1316 1067 1445 1107 aruasia

90 1152 165 1209 equo
180 1148 376 1205 superponam
393 1148 428 1187 ne
443 1131 557 1188 itineris
572 1133 715 1204 asperitas
734 1137 812 1189 secet
833 1138 914 1189 tono·
1005 1133 1111 1203 Placet,
1126 1152 1179 1194 nec
1195 1137 1297 1194 dubito
1312 1140 1383 1212 quin
1399 1140 1521 1197 Mariam
1543 1144 1764 1204 nanciscereris.

91 1243 138 1282 ms
154 1222 280 1297 planias·
1305 1245 1452 1286 anasiuni.

452 1337 552 1378 unuin.
1003 1312 1199 1371 Nanoiscetier
1212 1315 1315 1388 plaao;
1331 1322 1361 1373 ot
1374 1320 1505 1391 gaudens
1521 1321 1622 1379 reduxi
1644 1326 1680 1382 ad
1705 1326 1790 1386 ovile.

126 1411 158 1479 0,
175 1427 263 1483 quein
278 1413 306 1465 to
321 1425 491 1477 memorem,
508 1426 596 1483 quam
613 1410 666 1467 tibi
681 1409 844 1485 gratiarum
855 1412 915 1468 im·
1316 1423 1443 1464 nriinsii.

91 1499 217 1574 pendam
233 1498 544 1570 recompensationem,
561 1499 612 1571 qui
627 1516 674 1556 me
689 1499 842 1574 indignam
856 1499 915 1556 mi.
1004 1490 1113 1547 Divinae
1126 1493 1220 1565 gratia
1235 1495 1410 1552 visitationis
1423 1496 1544 1569 iactum,
1560 1501 1657 1557 oredo.

91 1589 235 1646 serationo
249 1604 307 1644 non
330 1591 441 1643 terrore
464 1587 554 1660 cogis,
571 1589 622 1645 sed
648 1588 711 1645 miti
737 1589 914 1647 rondoscau·
1304 1601 1452 1643 aestuent.

91 1678 173 1737 sicae
189 1679 225 1733 ad
240 1675 440 1750 poenitentiam
456 1676 603 1734 hortaris?
1004 1668 1107 1727 Procul
1122 1671 1222 1729 dubio.

427 1781 575 1823 semein.
928 1807 953 1876 B
1313 1780 1441 1822 canaan.

127 1855 205 1912 Nihil
229 1854 308 1912 aliud
325 1872 342 1910 a
357 1859 385 1910 to
409 1858 520 1926 expeto,
541 1854 598 1911 nisi
622 1860 656 1912 ut
679 1855 825 1929 reliquum
849 1854 913 1913 vite
1003 1846 1112 1904 Vellem
1128 1849 1213 1919 wife,
1231 1846 1357 1924 dualiter
1375 1853 1460 1925 juxta
1484 1854 1514 1911 id
1537 1857 1677 1930 temporis
1700 1860 1791 1919 vium

90 1944 260 2002 inherendo
275 1944 396 2000 insistas
411 1943 462 2000 Dei
477 1943 628 2017 obsequio.
968 1952 1123 2009 morasque
1137 1938 1323 1998 ordinaverit.

452 2049 551 2090 uinis.
1304 2045 1451 2088 seaaiiiiii.

126 2124 292 2197 Spontanea
305 2123 402 2177 monte
411 2120 579 2190 inhaercam,
590 2138 642 2196 pio
652 2122 765 2179 viribus
776 2122 913 2180 insistam
1002 2114 1091 2172 Juxta
1105 2130 1204 2174 mcum
1218 2116 1301 2176 velle.

90 2219 128 2283 et,
144 2214 168 2270 si
186 2211 309 2271 facultas
324 2212 400 2269 desit
414 2227 511 2284 posse,
528 2228 679 2284 nunquam
699 2217 797 2270 tamon
822 2211 916 2271 deerit
1313 2226 1440 2267 senarii.

90 2302 173 2361 vello,
1005 2294 1063 2350 tloc
1078 2293 1120 2351 illi
1135 2297 1250 2368 expedit
1263 2298 1307 2356 vel
1323 2300 1459 2356 maxime.
1557 2300 1560 2305 ⁴

435 2415 572 2457 iaanenu
871 2400 879 2409 '
1304 2404 1452 2446 ieiunium.

126 2489 266 2547 Convenit
279 2491 322 2559 ui,
339 2504 397 2562 quo
412 2489 510 2545 studio
526 2487 708 2547 deserviebas
722 2489 855 2560 vanitati,
872 2489 914 2547 ta·
1003 2472 1149 2546 Quidquid
1170 2474 1226 2548 itti
1242 2477 1388 2549 agendum
1403 2477 1552 2550 ΡΡΟΡθθῑὶὶ,
1568 2481 1703 2550 quamvis
1717 2483 1793 2556 didit

91 2579 212 2638 muleris
227 2578 329 2634 divinis
346 2578 499 2635 voluntari,
967 2561 1033 2631 cito,
1050 2563 1187 2636 quemvis
1202 2580 1298 2638 gravo,
1314 2564 1392 2620 haud
1408 2566 1558 2639 abrogavit
1573 2569 1682 2627 subire.

453 2683 554 2725 manin.
1313 2670 1441 2711 EPHREM.

127 2759 201 2829 Fiat,
217 2772 331 2832 precor,
349 2757 408 2813 tuis
424 2756 548 2827 moritis,
565 2762 597 2813 ut
623 2758 651 2814 in
677 2775 724 2816 ino
749 2759 916 2832 perficiatur
1005 2740 1173 2798 LssUdeilfl·

91 2848 228 2905 voluntas
241 2845 417 2904 Divinitatis.
1305 2846 1452 2890 aeniiiiii.

426 2962 573 3002 QUAM,
1003 2918 1076 2975 Nem
1101 2919 1206 2976 induta
1230 2919 1325 2978 cilicio
1354 2921 1552 2997 continuaque
1579 2925 1746 3000 vigiliarum
1762 2933 1791 2987 et

127 3037 308 3093 Mammam„
325 3034 463 3091 sopitum,
964 3007 1072 3080 jejunii
1087 3009 1291 3066 exercitatione
1307 3014 1521 3082 macerata,42
1531 3015 1703 3073 arctissima
1717 3017 1790 3092 legis

452 3151 552 3189 mm·
967 3098 1169 3154 observatione
1197 3114 1304 3172 corpus
1331 3103 1465 3158 tonorum
1494 3103 1601 3161 animai
1627 3105 1706 3179 cogit
1728 3107 1790 3179 pati

126 3226 325 3293 Maturemus;
341 3239 410 3280 nam
427 3238 473 3278 me
487 3222 573 3278 trudet
588 3237 748 3278 morarum.
929 3182 951 3250 G
971 3203 1138 3260 unimum·

399 3311 513 3370 scuria
531 3310 606 3367 viii.
1262 3366 1267 3377 .
1294 3294 1442 3379 'tritum

429 3417 576 3458 mmm,
1005 3365 1130 3438 AEquum
1145 3368 1237 3422 estut
1260 3382 1367 3440 iniquae
1391 3369 1492 3427 sordes
1515 3371 1717 3430 delectationis
1739 3373 1791 3431 eli·

127 3498 242 3563 Quanta
270 3493 415 3550 celeritate
444 3489 539 3564 asperi
567 3489 770 3547 difficultatem
801 3491 915 3551 itineris
970 3454 1518 3532 mmmm²¹⁰⁰fl'stat00ffl1583501155·

88 3582 334 3642 transcurrimus!
1051 3633 1056 3644 Ι
1120 3632 1125 3644 ⁹
1194 3584 1197 3589 ν
1303 3563 1501 3651 annanias...

1005 3634 1144 3705 Quisquis
1158 3632 1222 3704 ojus
1236 3632 1366 3691 lamenta
1380 3635 1525 3711 inteiligit,
1542 3644 1640 3698 monio
1657 3640 1790 3700 vulnera.

969 3725 1028 3787 tur,
1043 3718 1179 3792 quisquis
1193 3722 1450 3793 compunctionem
1472 3726 1563 3784 sentit
1587 3732 1616 3785 et
1634 3727 1697 3801 ipse
1710 3746 1790 3788 eoin·

968 3807 1120 3882 pungitur.

476 3699 493 3734 A
516 3695 553 3734 ie.

126 3772 208 3841 Quod
223 3772 325 3828 devota
341 3695 550 3843 agitur,t1ralotil⁰
566 3767 726 3841 parsseitur.

429 3883 578 3923 camunni.

124 3960 197 4016 Ecce
213 3963 264 4016 tua
279 3958 396 4015 deserta
410 3953 525 4013 cellula.
1004 3987 1166 4045 gomeri·
1314 3916 1442 3960 ffi‘ssltsstt·

451 4070 553 4112 annm.

126 4148 176 4205 Hei
192 4146 283 4205 mihit
300 4146 368 4219 Ipsa
382 4143 439 4203 mei
455 4143 573 4202 sceleris
589 4147 633 4201 est
647 4145 774 4215 conseia,
788 4145 853 4204 idco
869 4147 914 4206 in·
1004 4164 1141 4223 mahom
1156 4181 1207 4239 pm
1222 4094 1518 4242 viribggngkpffibue
1533 4186 1623 4230 causa
1633 4171 1793 4248 suumn,

89 4236 170 4311 gredi
186 4233 321 4293 formido·
967 4254 1058 4313 tionis
1068 4255 1119 4312 siat
1134 4254 1299 4329 exemplum
1314 4258 1523 4318 conversionis.

426 4348 575 4388 annonari.
1315 4362 1444 4407 satiasti.

125 4424 161 4480 iii
174 4423 297 4492 merito;
313 4420 471 4495 fugiendus
495 4423 540 4476 est
563 4419 671 4494 quippe
695 4420 913 4497 locustaque
1004 4433 1255 4509 Coasequeasest-

88 4512 203 4571 hostem
218 4512 354 4586 sequitur
368 4508 549 4582 triumphus.
928 4559 952 4625 D
1304 4541 1452 4584 iunipiri.

450 4625 551 4666 uiam.
716 4629 721 4637 ·
1003 4610 1115 4671 Nititur
1128 4617 1160 4670 ut
1174 4618 1283 4687 quanto
1297 4614 1408 4673 exstitit
1423 4616 1535 4687 toidtor,
1552 4621 1633 4675 tante
1654 4624 1792 4694 appareat

125 4700 161 4757 tit
175 4699 226 4757 ubi
242 4715 289 4756 ma
304 4698 437 4756 decernis
452 4697 671 4771 compunctioni
686 4700 809 4758 vacare?
970 4702 1099 4762 nitidior.

426 4813 575 4853 nemesii.
1317 4810 1444 4852 senesii.

126 4888 280 4961 ingredere
296 4886 326 4943 in
341 4884 446 4943 cellam
462 4884 641 4952 interiorem,
659 4901 695 4942 ne
708 4891 843 4946 vetustus
858 4905 915 4946 sor
1004 4882 1167 4940 iucundior
1182 4882 1326 4941 audiendo
1342 4900 1453 4955 precor,
1470 4884 1599 4959 dialique
1622 4886 1703 4943 letor
1720 4903 1792 4961 gau-

86 4993 162 5051 pons
176 4975 340 5048 decipiendi
357 4974 434 5032 uitro
447 4973 575 5031 inveniat
590 4974 784 5033 occasionem.
969 4972 1099 5029 dimonio
1115 4973 1164 5046 (3).

452 5080 552 5120 niuniu.
1305 5078 1452 5119 canosini.

125 5155 188 5211 Non
203 5155 422 5222 contraluctor,
439 5153 490 5210 sed
507 5168 569 5225 quae
582 5151 670 5224 jubes
690 5152 860 5227 amplector.
1004 5150 1039 5206 Et
1060 5149 1260 5218 meritonam
1284 5149 1444 5226 phalanges
1468 5152 1606 5227 angelice
1630 5154 1793 5229 gaudentes
1887 5232 1889 5237 Ι

428 5257 574 5297 iamenu.
969 5238 1126 5296 Dominum
1142 5237 1265 5295 laudant
1279 5254 1367 5313 super
1381 5242 1542 5314 peccatoris
1557 5242 1753 5302 conversione.

126 5331 311 5389 Familiarem
334 5347 434 5387 meum
450 5328 576 5403 Ephrem
592 5331 739 5400 accedam,
757 5348 815 5404 quo
840 5331 912 5405 ipse,
1314 5346 1442 5385 sriiniiii.

88 5422 140 5495 qui
156 5421 239 5479 sotus
253 5437 369 5479 mecum
380 5424 437 5477 tuin
448 5418 774 5492 condoluitparditioai,
786 5436 914 5495 congiu-
1004 5417 1062 5475 Nec
1078 5415 1203 5485 mirum3
1221 5415 1331 5474 nullius
1356 5434 1484 5492 nomque
1495 5420 1570 5492 justi
1584 5421 1680 5496 magis
1694 5423 1791 5481 deleo-

88 5510 157 5566 doat
172 5509 341 5568 inventioni.
968 5510 1049 5564 tatur
1062 5505 1287 5579 perseverentia,
1304 5523 1394 5578 quain
1408 5506 1492 5581 impii
1506 5509 1687 5581 paenitentia.

126 5616 163 5692 (3)
181 5617 262 5674 ttuae
277 5616 375 5673 locum
392 5616 435 5675 sic
450 5615 580 5673 restituit
595 5616 629 5673 D.
648 5614 767 5691 Magain
784 5614 944 5674 :tvcvadcr
956 5612 1102 5682 audiendo,
1116 5611 1346 5688 praecordialique
1361 5613 1440 5673 tector
1453 5614 1639 5690 pesdemonte.
