3908 6082
126 222 182 284 etit

673 225 838 289 desertis
860 226 1079 291 DERVENSIS
1103 231 1282 294 AllliATlS.

1775 233 1836 297 692

125 357 172 415 tas
187 357 245 429 (tt)
260 359 374 426 vocant,
391 355 507 431 agmine
522 357 641 415 collecte
657 359 800 433 frequenti
815 359 950 433 ruptione
964 363 992 430 Α
1007 364 1171 423 tentamina
1185 383 1244 424 non
1260 383 1348 440 porro
1364 371 1494 440 tempere
1519 366 1709 441 singulariter
1730 367 1836 426 decer·

126 448 164 503 ab
180 447 244 519 ipso
255 445 337 517 jactu
354 446 475 502 seminis
489 452 517 501 et
532 446 653 502 sationis
664 447 844 505 incremento
859 452 952 506 vasta·

125 534 207 592 bant.
225 534 359 591 Minister
373 535 554 607 indignatus,
572 554 638 591 corn
656 554 705 592 eas
729 535 813 593 nulla
835 537 861 592 ri
883 537 950 594 inde

125 627 225 698 posset
239 624 364 697 abigere,
378 622 519 679 familiare
533 624 675 680 damnum
687 625 805 682 domino
815 632 952 697 procurat

125 713 267 770 intimari.
285 713 321 768 ht
335 711 382 767 ille
398 712 546 784 imperans
563 729 569 767 :
586 713 675 782 Vade,
693 712 800 787 inquit,
817 715 950 781 citius,et

126 802 226 859 ordine
241 801 367 874 pedestri
385 818 505 857 nutriero
517 801 629 875 integro
640 804 823 875 subsequens
835 802 950 858 reclude

124 909 175 948 eas
189 890 280 947 demi.
296 891 362 946 litox
382 907 464 945 servo
489 890 668 961 praecedente
691 892 804 947 rideres
830 896 951 947 nroestas

123 979 258 1036 volucres
273 979 381 1034 mirum
398 979 427 1033 in
438 978 559 1050 globum
571 979 703 1050 deposita
714 980 826 1035 feritate
840 978 949 1052 colligi,

126 1085 160 1125 ac
176 1084 227 1140 pre
238 1065 371 1139 jubentis
389 1071 462 1122 nutu
478 1070 556 1121 certo
574 1067 690 1122 tramite
701 1085 758 1139 qim
770 1068 951 1124 ducebantur

126 1160 237 1213 tectum
252 1155 444 1212 subintrasse.
463 1156 506 1210 lta
517 1156 579 1227 jam
597 1155 726 1211 triduum
743 1174 810 1213 aves
821 1156 876 1212 illa
887 1157 950 1213 sinc

126 1246 191 1302 ciho
207 1249 336 1318 agentes,
348 1244 424 1301 beati
437 1244 489 1298 riri
500 1244 618 1300 tandem
630 1244 812 1318 indulgentie
822 1245 951 1302 relaxan-

125 1339 183 1404 tur,
200 1337 319 1408 dempta
341 1332 451 1389 scilicet
475 1351 533 1388 una
556 1333 591 1388 de
617 1351 738 1390 numero
768 1339 948 1405 ceterarum,

125 1441 214 1498 quam
230 1441 307 1479 unus
323 1440 338 1480 e
354 1422 465 1478 familia
480 1422 556 1477 forto
572 1421 746 1495 sublegerat,
763 1427 791 1480 et
807 1423 861 1480 sihi
874 1423 950 1479 male

124 1513 260 1570 conscius
276 1514 305 1568 in
331 1529 413 1568 oscas
437 1528 523 1568 vorax
547 1513 704 1568 temerator
733 1513 947 1586 absumpserat.

124 1603 182 1661 tlte
198 1608 296 1659 tamen
310 1601 441 1657 volucres
457 1599 558 1656 solnta
574 1600 610 1656 dc
626 1618 750 1669 carcere,
768 1601 842 1657 elato
858 1601 888 1657 in
904 1600 949 1658 ol-

123 1697 187 1749 ium
203 1692 314 1764 gemitu
330 1690 457 1746 clamore
472 1687 618 1761 replentes
638 1706 715 1756 aera,
732 1694 808 1746 tecta
823 1690 948 1746 circum·

123 1780 234 1849 volant,
249 1785 338 1852 atque
351 1777 380 1833 in
397 1795 483 1834 aures
499 1779 591 1833 saneti
608 1777 661 1833 riri
678 1778 821 1835 damnum
843 1776 950 1835 sociale

124 1871 281 1929 resolvunt.
299 1871 352 1937 Oui
369 1887 435 1925 mox
450 1886 570 1924 causam
586 1869 764 1942 intelligens,
782 1869 948 1942 depositum

124 1960 258 2032 inquirit,
274 1976 375 2031 poenas
386 1958 513 2028 jussisse
528 1957 641 2012 debitos
657 1973 709 2029 pre
725 1958 847 2013 erimine
862 1959 949 2032 profl-

123 2053 211 2117 tetur,
229 2065 285 2104 non
301 2059 386 2103 neces
397 2045 542 2101 intulisse.
554 2045 751 2117 Prosumptor
761 2046 868 2102 utfurti
883 2064 950 2104 reus

123 2136 234 2210 pudore
249 2134 457 2209 deprehensus,
476 2133 644 2207 plumarum
660 2149 734 2207 quas
750 2135 823 2191 forte
839 2136 948 2192 subdu·

122 2230 203 2282 xerat
218 2242 251 2282 ao
267 2241 389 2297 quisquo
405 2223 522 2278 residua
538 2220 692 2294 profectio
708 2223 950 2280 modium.ltavir

120 2319 241 2372 sanctus
256 2314 332 2369 facta
347 2312 476 2368 oratione
491 2311 654 2366 exanimem
668 2328 807 2383 reparans
817 2358 824 2382 ,
834 2317 949 2369 restau-

122 2408 185 2459 rato
201 2418 323 2458 numero
347 2401 418 2458 sinit
441 2399 520 2455 abire
544 2396 685 2467 laetantes,
703 2414 856 2473 nunquam
883 2407 949 2475 post

123 2491 184 2548 haee
199 2490 276 2545 infra
291 2505 394 2562 agrum
410 2487 494 2544 illum
511 2488 703 2559 irruptionem
723 2489 817 2545 facere
838 2508 949 2563 presu-

124 2584 247 2636 montes.
265 2579 331 2634 llaec
346 2594 414 2650 crgo
424 2577 489 2650 jam
505 2581 575 2631 tune
589 2575 732 2632 Dominus
749 2578 777 2632 in
799 2596 880 2635 servo
895 2596 948 2636 sue

124 2666 469 2742 dignabaturostendere‚
478 2681 564 2737 quom
576 2665 749 2738 disponebat
760 2668 948 2739 postmodum

123 2760 226 2813 sancto
239 2755 280 2811 illi
299 2755 524 2811 Luxoviensium
537 2754 747 2810 monachorum
759 2755 841 2829 gregi
851 2762 949 2829 pasto·

125 2844 178 2901 rali
195 2845 368 2902 auctoritate
384 2844 539 2916 preficere.
554 2842 607 2909 Qui
622 2842 710 2898 etiem
727 2843 751 2899 si
768 2843 810 2899 sic
821 2843 850 2899 in
866 2844 950 2900 mini-

125 2936 183 2991 mis
197 2933 290 2991 laicus
305 2933 408 3007 potuit,
422 2937 530 3006 quante
542 2932 636 3005 magis
648 2931 676 2986 in
686 2933 822 2989 maximis
833 2935 950 2990 creden-

125 3023 182 3078 dus
196 3027 241 3079 est
256 3023 312 3079 sub
329 3024 429 3078 sancto
443 3021 546 3077 habitu
562 3019 703 3076 valuisset

1004 456 1093 510 tasse.

1130 546 1254 603 Eusterio
1268 548 1415 618 suffiatur.
1434 548 1497 603 flete
1514 548 1613 620 oprtime
1625 547 1705 618 eterit.

1039 643 1067 694 7.
1085 641 1225 697 Praeterea
1240 648 1323 714 pater
1338 642 1501 709 Eustasius,
1513 644 1589 699 sicut
1600 661 1692 716 supra
1702 641 1835 715 preliba-

1004 727 1110 794 vimus,
1128 729 1221 801 signis
1237 735 1264 785 et
1278 731 1436 786 erroneus
1451 730 1725 804 qrrampturibuS,ut
1740 730 1771 786 in
1788 732 1833 788 de-

1005 817 1164 888 scriptione
1179 823 1298 874 actunm
1316 819 1409 892 ipsios
1424 820 1605 876 sufficienter
1620 819 1738 894 legitur,
1749 837 1830 876 com·

1005 906 1156 978 probatus,
1172 925 1238 962 curn
1249 907 1347 981 paline
1362 909 1505 964 bonorum
1517 908 1833 981 operumDeminovo·

1004 998 1099 1063 cante,
1116 995 1231 1052 celeste
1251 998 1421 1070 capitolium
1448 997 1610 1071 ingreditur
1631 1000 1830 1055 coronandus.

1005 1083 1058 1148 Qui
1074 1085 1161 1140 etiam
1175 1091 1362 1158 postsecram
1372 1086 1447 1143 beati
1458 1085 1532 1142 Petri
1542 1086 1742 1159 apostolorum
1755 1088 1830 1160 prio·

1004 1171 1077 1244 cipis
1093 1192 1174 1229 aram
1190 1174 1267 1230 intra
1284 1176 1390 1230 mairia
1406 1174 1575 1248 principalis
1595 1173 1831 1267 ecclecia,rquam

1005 1262 1067 1334 ipse
1082 1279 1149 1318 cum
1162 1270 1242 1335 patre
1253 1263 1432 1320 Columbaria
1443 1264 1833 1338 condiderat,magnifrcam,

1005 1356 1037 1406 ut
1052 1370 1104 1423 par
1127 1357 1198 1421 erat,
1216 1352 1397 1425 sepulturam
1420 1357 1555 1409 retentat.
1572 1353 1629 1409 Nec
1653 1353 1769 1425 patitur
1792 1354 1831 1410 di·

1003 1440 1072 1496 rina
1087 1441 1269 1512 previdentia
1284 1459 1400 1497 socrum
1417 1440 1489 1497 ovile
1501 1446 1611 1497 rectore
1621 1442 1829 1498 destituidlam

1005 1529 1034 1584 in
1050 1528 1098 1584 illo
1115 1535 1282 1587 sanctorum
1299 1529 1418 1603 collegio
1434 1547 1501 1586 cum
1517 1529 1830 1604 forentplurimi,ques

1004 1624 1032 1674 et
1047 1618 1190 1691 sapientia
1205 1622 1233 1675 ct
1248 1621 1307 1674 vita
1325 1620 1559 1686 commendarot;
1576 1624 1675 1675 tanren
1700 1620 1829 1677 universi

964 1709 1067 1801 Bpari
1082 1712 1147 1764 rote
1172 1709 1293 1781 parique
1316 1725 1460 1764 consensu
1485 1707 1709 1764 Woldebertum
1735 1708 1829 1766 virum

1005 1813 1086 1868 aeque
1101 1798 1322 1854 sanctissimum
1339 1797 1402 1854 loco
1419 1797 1512 1870 patris
1536 1797 1706 1854 decedentis
1732 1798 1828 1855 decer-

1004 1891 1088 1952 nunt,
1105 1903 1137 1941 ac
1157 1886 1210 1942 loci
1237 1891 1382 1943 rectorum
1407 1886 1601 1955 constituunt,
1617 1886 1688 1942 certi
1715 1887 1753 1942 de
1767 1887 1828 1960 ejus

1003 1975 1110 2030 virtute
1122 1981 1150 2030 et
1166 1975 1278 2031 meritis
1296 1992 1301 2031 :
1318 1993 1382 2047 que
1404 1974 1458 2031 etsi
1482 1975 1512 2030 in
1538 1992 1570 2031 eo
1595 1980 1732 2048 poterant
1759 1992 1826 2050 aug·

1004 2064 1139 2130 mentori,
1157 2064 1228 2119 nulli
1246 2064 1369 2120 dubium
1394 2064 1466 2136 quin
1492 2068 1614 2136 possent
1637 2065 1695 2119 fixa
1718 2062 1825 2121 delibe-

1004 2152 1116 2207 ratione
1132 2153 1332 2209 nroveri.Nilrit
1348 2153 1426 2209 enirn
1441 2171 1458 2208 a
1473 2152 1597 2225 pristino
1620 2152 1719 2225 rigore
1741 2169 1827 2225 agens

1004 2239 1167 2309 remissius,
1188 2241 1342 2315 exquisitis
1368 2241 1500 2298 arctioris
1525 2241 1588 2296 vitre
1613 2258 1645 2297 se
1669 2240 1827 2298 districtio·

1004 2331 1091 2386 nibus
1107 2332 1267 2386 coercebat.
1284 2331 1312 2386 Si
1330 2331 1400 2403 qnid
1416 2347 1482 2386 vero
1496 2330 1525 2385 in
1547 2330 1633 2386 rebus
1648 2329 1692 2386 vel
1718 2329 1828 2386 caeteris

1004 2420 1158 2492 utriusque
1181 2419 1245 2474 vitm
1272 2419 1531 2475 commoditatibus
1556 2424 1686 2491 tempore
1711 2418 1830 2476 illorum

1004 2508 1129 2564 duorum
1151 2514 1279 2580 patrum,
1296 2508 1468 2564 Columbani
1494 2506 1628 2564 uidelicet
1642 2512 1671 2563 et
1690 2508 1829 2577 Eustasii,

1002 2596 1206 2668 imperfectum
1222 2599 1361 2666 restabat,
1375 2598 1421 2653 hic
1432 2603 1533 2670 pastor
1548 2597 1741 2654 beatissimus
1757 2595 1831 2655 wat

1004 2686 1141 2742 dabertus
1170 2686 1249 2742 omni
1278 2686 1424 2742 industria
1453 2684 1609 2758 supplevit,
1633 2684 1725 2753 anxit,
1743 2690 1773 2742 ct
1793 2685 1830 2743 ad

1005 2792 1132 2848 unguem
1148 2776 1304 2847 perfectius
1319 2774 1458 2830 elimarit.
1476 2773 1567 2830 l'illas
1580 2791 1696 2846 quoque
1711 2779 1743 2830 et
1758 2791 1831 2847 pre·
1847 2764 1850 2769 ’

1003 2863 1051 2919 dia
1064 2865 1181 2936 copiosa
1195 2863 1351 2920 traditione
1364 2863 1479 2936 publice
1495 2864 1570 2919 facta
1584 2863 1614 2918 in
1628 2880 1701 2919 usus
1716 2863 1833 2920 hienae

1003 2951 1068 3008 terii
1097 2952 1242 3008 contulit:
1265 2954 1340 3007 inter
1366 2969 1429 3025 quae
1459 2951 1555 3008 sicum
1585 2969 1714 3025 quoque,
1742 2968 1832 3024 quem

1004 3042 1139 3114 superius
1154 3043 1226 3098 Neai
1245 3046 1379 3098 vocatum
1404 3041 1543 3107 diximus,
1558 3041 1723 3114 genuinum
1748 3041 1832 3098 cido·

124 3130 368 3186 emeritanensis
383 3129 536 3185 decoctam
549 3143 577 3183 sc
591 3133 697 3199 recepit.
714 3127 861 3183 solitarias
872 3130 947 3184 trivit.
963 3104 985 3169 C
1005 3132 1072 3188 licet
1085 3133 1150 3203 ejus
1166 3133 1221 3202 (43)
1242 3130 1347 3199 selum,
1364 3148 1431 3186 cum
1459 3130 1600 3186 membris
1624 3130 1833 3202 adjacentibus

158 3239 186 3293 d.
203 3237 276 3292 liino
287 3237 350 3309 jam
367 3252 433 3291 cum
449 3235 485 3290 ad
502 3233 606 3289 altiora
620 3233 870 3302 tenderet,saeculo
885 3252 948 3291 om·

124 3326 193 3383 nino
207 3324 374 3383 renuntiare
389 3322 599 3390 desiderat,1)ei
615 3327 688 3378 nutu
704 3323 740 3378 ab
757 3323 832 3379 beati
857 3325 948 3396 patrie

122 3415 251 3473 Baetasii
266 3412 402 3471 consultu
426 3411 604 3468 buxeriense
628 3412 851 3480 monasterium,
869 3415 947 3485 qued

122 3521 180 3577 pre
195 3503 308 3561 ceteris
322 3519 355 3558 eo
370 3506 500 3573 tempore
514 3498 641 3572 regulari
657 3500 760 3557 ordine
784 3502 947 3559 districtius

121 3597 194 3661 erat,
209 3593 292 3665 copia
307 3606 406 3647 rerum
417 3594 445 3645 et
455 3605 577 3645 nurnero
587 3589 798 3646 monachorum
808 3591 948 3649 excellen-

121 3683 182 3738 tius
197 3679 522 3755 prcopollebat,devetus
530 3677 666 3750 expetiit:
679 3696 712 3734 ac
721 3680 836 3736 traditis
849 3698 946 3737 rerum

122 3788 243 3828 suarum
254 3770 314 3825 illic
325 3787 389 3842 quaa
401 3786 451 3841 per
461 3766 575 3823 diversa
583 3766 647 3822 loca
657 3768 838 3839 amplissime
850 3787 946 3843 posse·

121 3862 204 3917 deret
219 3858 345 3932 prediis,
357 3857 506 3930 armisque
517 3855 668 3927 depositis,
680 3874 744 3927 «quac
755 3874 849 3929 usquo
860 3859 946 3915 hodic

121 3948 151 4004 in
167 3947 369 4004 testimonium
380 3962 469 4000 sacra
481 3944 593 3999 militiae
605 3944 669 4015 ejus
680 3943 709 3998 in
720 3961 753 4000 co
764 3944 826 4000 lece
838 3947 944 4004 habon-

121 4041 180 4102 tur,
197 4052 346 4091 servorum
363 4033 413 4089 Dei
429 4049 550 4088 numero
561 4032 864 4100 adiitseciandus.0ui
876 4054 943 4092 san-

121 4127 173 4178 ctae
188 4122 387 4178 conversionis
402 4121 525 4192 gratiam
541 4125 622 4176 tanta
636 4125 680 4176 est
696 4122 869 4192 perfectione
881 4126 944 4182 ade·

121 4216 200 4284 ptus,
217 4214 250 4265 ut
263 4209 350 4266 etiam
367 4213 468 4264 sancto
484 4207 595 4279 Spiritu
611 4208 776 4266 illustrante
791 4212 876 4286 signa
887 4215 943 4269 vir·

119 4305 216 4356 tutum
245 4299 422 4362 ostenderet,
446 4314 514 4353 cum
543 4297 572 4351 in
602 4296 723 4354 alterius
752 4300 943 4372 dispositione

119 4389 302 4446 consisteret.
320 4387 500 4443 Monstratnr
513 4386 609 4442 adhue
624 4388 681 4456 (42)
696 4388 822 4462 denique
848 4390 941 4459 locus,

1003 3222 1058 3277 suh
1074 3220 1311 3278 interminatione
1327 3220 1447 3275 tradidit
1463 3237 1469 3274 :
1487 3224 1520 3275 ut
1535 3218 1586 3293 qui
1600 3235 1668 3275 eum
1679 3236 1697 3275 a
1707 3218 1771 3276 leco
1782 3237 1834 3276 an·

1002 3310 1098 3378 ferret,
1116 3315 1228 3365 aeterne
1251 3309 1448 3365 maledictioni
1474 3309 1687 3364 succumberet.
1705 3308 1831 3383 lapago

1002 3415 1118 3472 quoque
1132 3397 1275 3454 fernensi
1291 3399 1348 3470 (44)
1358 3398 1454 3453 vicum
1466 3397 1617 3453 llerlcrum
1630 3397 1751 3454 nemine
1761 3412 1830 3453 cum

1002 3489 1139 3544 orrrnibus
1154 3488 1189 3543 ud
1206 3504 1237 3543 se
1252 3486 1476 3559 pertinentibus,
1488 3503 1540 3542 seu
1556 3484 1701 3558 quidquid
1713 3486 1745 3542 in
1756 3485 1830 3544 Pon·

1001 3576 1060 3632 tire
1075 3576 1169 3633 solide
1178 3577 1246 3648 jure
1263 3575 1441 3649 possederat,
1456 3573 1580 3630 obtulit:
1598 3577 1626 3629 et
1640 3575 1778 3631 emnium
1789 3591 1832 3631 ro

1001 3683 1066 3722 runi
1082 3682 1203 3722 suarum
1219 3665 1338 3720 beatum
1358 3663 1474 3720 Petrum
1498 3661 1665 3735 apostolum
1680 3662 1711 3718 in
1727 3680 1828 3737 porpe-

1000 3762 1084 3811 tuum
1100 3755 1244 3810 heredem
1255 3770 1319 3810 esse
1332 3751 1495 3808 constituit.
1508 3751 1587 3807 Inter
1596 3756 1702 3808 catera
1711 3769 1827 3826 quoque

999 3846 1064 3916 ejus
1079 3844 1202 3900 denaria
1217 3841 1340 3898 ceritulit
1355 3843 1444 3898 etiam
1459 3840 1678 3914 pretiosissima
1704 3858 1827 3915 genereo

1000 3931 1136 4006 poculum
1152 3948 1187 3986 cx
1202 3947 1259 3986 uno
1271 3931 1394 4001 topazio,
1404 3927 1477 3985 miro
1486 3929 1572 3984 modo
1581 3926 1708 3999 guttulis
1719 3929 1826 3999 aureis,

999 4027 1032 4077 ut
1047 4023 1112 4092 ejus
1128 4024 1173 4075 cst
1188 4023 1302 4085 natura,
1320 4018 1494 4084 interlitum,
1510 4016 1684 4089 interposito
1704 4016 1825 4075 anathe-

999 4116 1086 4176 mate,
1100 4115 1132 4163 ut
1147 4107 1282 4180 quisquis
1293 4123 1468 4179 quacunque
1476 4105 1628 4162 occasione
1636 4105 1744 4162 exinde
1754 4104 1824 4163 illud

998 4197 1192 4265 subtraheret,
1203 4196 1246 4251 vet
1255 4195 1441 4252 subtractum
1450 4212 1525 4251 ausu
1534 4193 1690 4250 temerario
1700 4192 1824 4251 retinere

998 4291 1135 4352 tentaret,
1151 4302 1217 4342 cum
1235 4284 1349 4342 diaholo
1365 4289 1394 4341 et
1408 4283 1520 4357 angelis
1535 4283 1599 4354 ejus
1615 4282 1735 4339 aeterms
1746 4283 1825 4339 flam·

998 4377 1055 4432 mis
1065 4377 1094 4431 in
1106 4382 1280 4448 perpetuum
1292 4375 1468 4431 cruciandus
1479 4374 1604 4441 adesset,
1612 4371 1694 4428 salva
1707 4389 1823 4446 quoque

119 4478 235 4535 duobus
250 4495 267 4533 a
281 4477 457 4532 monasterio
473 4473 604 4532 millibus
615 4476 792 4548 disparatus,
802 4481 857 4537 suh
873 4499 942 4539 saxo
959 4470 980 4534 ll
997 4465 1167 4521 ssuclffl'llalss
1179 4466 1356 4521 Ff⁸¹¹00ll¹¹¹¹
1368 4480 1469 4537 regum
1481 4461 1822 4534 ⁰2Pl⁰0⁰l¹¹¹¹1dl¹¹i¹¹⁸u³

116 4567 235 4640 quidem
251 4566 451 4640 praeeminenti
476 4581 631 4630 concavus,
647 4581 724 4637 aqua
749 4585 816 4624 vero
832 4586 847 4625 o
863 4576 940 4627 terra

117 4656 278 4729 prodeunte
292 4653 430 4712 blandius
445 4652 582 4726 irriguus,
591 4654 640 4709 ubi
652 4653 787 4712 cellulam
799 4658 853 4714 sibi
867 4663 939 4717 refe·

116 4748 186 4800 runt
199 4743 340 4800 statuisse
354 4759 388 4799 ao
402 4747 504 4798 contra
512 4740 556 4797 vel
565 4741 661 4798 carnis
669 4742 712 4799 vel
720 4744 832 4818 antiqui
846 4747 939 4807 hostis

151 4870 206 4944 (lt)
222 4868 269 4926 Sic
284 4872 386 4926 sancta
398 4866 572 4940 Amalberga
587 4866 666 4940 virgo
682 4883 800 4942 cangro
816 4889 868 4929 surr
894 4874 938 4930 fu-

115 4957 200 5016 gasse
213 4941 321 4996 dicitnr
335 4956 401 4995 aves
414 4938 557 5010 quasdam
573 4954 640 5011 ques
654 4944 794 4997 communi
812 4945 939 5005 vocabalo

114 5021 210 5086 pande
224 5013 362 5085 appellere
375 5011 472 5082 ploret.

150 5085 207 5156 (42)
221 5084 357 5140 Cernitur
371 5083 407 5137 ad
419 5082 496 5137 bnnc
511 5098 603 5153 usque
614 5081 704 5148 diem,
715 5081 896 5170 habeturque
908 5091 937 5149 in

114 5155 254 5227 spelunca
268 5171 352 5210 sacra
367 5152 492 5224 rigidum
511 5170 612 5207 saxum
624 5153 734 5222 ¹jacenti
751 5154 860 5213 lmminr
887 5181 937 5235 ap-

114 5230 220 5294 tatum,
237 5225 266 5280 in
286 5243 344 5299 quo
369 5223 566 5279 febricitantes
591 5223 752 5297 sepissime
781 5229 937 5290 sanitatem

115 5296 172 5352 reci
197 5297 270 5351 iunt.

148 5315 204 5437 (td)
220 5369 260 5423 Ex
276 5367 331 5423 hoe
347 5365 408 5421 lece
423 5364 597 5436 intelligitur
612 5366 700 5438 (quod
714 5368 801 5424 ctiam
818 5376 938 5433 manife-

113 5442 192 5494 stum
208 5445 300 5494 estex
322 5437 401 5494 Actis
425 5440 454 5492 S.
472 5436 580 5491 tlertini
606 5438 732 5510 abbatis)
757 5440 846 5499 alium
872 5464 936 5504 esse

112 5507 333 5565 Weldebertum
360 5509 438 5564 lianc
458 5525 475 5564 a
493 5507 641 5564 Walberto
671 5511 775 5568 comite
803 5517 934 5589 Arcensi,

998 4554 1157 4610 admodum
1172 4569 1206 4609 oo
1220 4553 1348 4625 iempore
1364 4553 1520 4608 ferebatur.

1046 4661 1149 4717 dicatio
1163 4662 1286 4732 episcopo
1297 4656 1526 4729 familiariaolrit.
1537 4655 1575 4711 dtr
1590 4671 1620 4712 eo
1633 4655 1768 4726 sepultae.

1029 4760 1056 4812 8.
1073 4758 1179 4814 Sancte
1194 4757 1306 4814 Nicetie
1320 4757 1456 4829 episcopo
1476 4768 1653 4826 magnarum
1677 4751 1821 4809 virtutum

994 4881 1138 4954 discipule
1165 4883 1194 4939 S.
1222 4881 1330 4938 llcrtini
1349 4899 1355 4936 :
1373 4897 1425 4936 nec
1454 4881 1531 4936 Fare
1555 4894 1746 5006 permenam,
1770 4878 1821 4932 aut

993 4953 1126 5080 Ec⁰i3⁰⁸iae
1150 4953 1335 5010 bleldiconsis
1359 4953 1530 5025 episcopum
1568 4948 1657 5016 uisse,
1679 4948 1723 5005 uti
1748 4948 1820 5005 olias

1015 5041 1044 5080 ro
1067 5029 1160 5080 otuu).

993 5042 1084 5169 p(tt)
1100 5097 1147 5152 Sic
1168 5113 1380 5169 nonnunquam
1404 5094 1561 5152 contractis
1586 5089 1693 5148 litteris
1717 5089 1819 5172 medie

992 5169 1086 5223 etatis
1102 5172 1235 5224 auctores
1248 5174 1352 5224 vocant
1393 5183 1481 5242 agorn
1506 5167 1755 5231 tarvennensem,
1772 5178 1817 5218 eor

992 5239 1148 5312 contiguus
1163 5242 1207 5294 est
1223 5239 1304 5295 vicus
1318 5185 1464 5304 liederus,
1480 5236 1567 5309 volgo
1578 5235 1642 5306 jam
1667 5234 1762 5317 liniq,
1778 5233 1817 5289 si·

991 5315 1039 5365 tus
1056 5311 1084 5364 in
1101 5309 1241 5366 comitatu
1267 5309 1400 5366 Paolensi
1422 5310 1457 5365 nd
1485 5309 1631 5364 llornanas
1655 5322 1729 5375 vias,
1743 5310 1819 5360 inter

990 5381 1325 5452 hgnionisetlidirinim
1352 5382 1505 5439 fluviorum
1532 5377 1638 5450 capita,
1656 5381 1731 5432 teste
1747 5374 1816 5431 stat-

991 5453 1099 5509 branco
1115 5452 1143 5507 in
1160 5451 1210 5507 lib.
1227 5471 1256 5508 ιν
1270 5454 1305 5509 do
1321 5453 1442 5511 liorieis
1458 5469 1521 5523 cap.
1539 5452 1566 5505 o.
