3908 6082
130 271 189 333 eas
679 263 845 327 lusurus
868 261 1088 325 usnvnusrs
1111 240 1286 327 eureus.
1721 212 1727 217 ’
1783 262 1843 327 esc

129 401 213 460 ribus
227 406 256 458 ct
269 399 418 476 sapientire
443 400 545 458 decore
564 397 791 472 praepollentem,
807 395 870 454 lece
886 398 996 470 pre-A
1179 397 1208 454 S.
1228 390 1388 454 Wutdebcrti
1402 414 1498 471 corpus
1514 397 1544 454 in
1558 394 1668 471 primis.

130 490 192 548 licit
207 490 236 548 in
247 490 470 564 pastoremrllie
486 487 616 560 collapsa
630 490 754 560 reperet,
767 485 900 560 dispersa
914 500 956 542 re·
1049 487 1090 542 ll.
1100 484 1306 542 Villomeriuis
1316 486 1464 543 littoribus
1475 485 1692 561 contiguaque
1705 483 1845 559 superins

131 579 251 655 colligit,
262 578 352 636 situm
364 577 497 634 Ecclesire
508 577 554 632 lou
559 577 585 649 gi
591 593 625 631 us
641 574 780 645 extendit,
797 576 958 648 circumpo-
1012 575 1173 630 llerleriurn
1185 580 1229 631 est
1245 580 1355 643 vocata,
1364 580 1555 648 tyrannorum
1567 575 1595 632 vi
1606 574 1725 633 subletu
1736 574 1840 632 meme.

132 667 349 727 sitasollrcines
379 665 572 738 amplioribus
602 664 707 738 spatiis
736 670 823 737 alque
847 664 956 721 eltieri-
1012 664 1145 719 blenacbi
1157 665 1276 736 ancipiti
1289 664 1318 719 iu
1331 665 1501 721 discrimine
1512 664 1711 738 positi,sancti
1726 662 1842 722 Waldc·

116 759 187 815 -bus
216 757 310 813 muris
338 755 506 828 exporrigit,
525 756 650 828 periotes
679 768 794 828 quoque
824 754 956 811 ecclesie
1012 754 1086 808 berti
1102 753 1277 825 protectoris
1300 753 1346 808 sui
1371 753 1544 827 suffragium
1561 757 1711 826 expetunt,
1729 759 1843 810 saucto-

130 863 198 903 cum
214 845 326 903 caeteris
339 845 519 902 ornamentis
533 844 654 917 pulcbru
664 845 804 900 varietate
815 843 955 916 depingit.
1012 859 1136 914 rumque
1147 832 1303 914 pignorum
1316 842 1380 914 ejus
1395 842 1510 915 glebam
1523 841 1578 899 sibi
1589 840 1843 915 imponentes,per

134 935 270 1009 Capitula
284 935 430 1008 siquidem
446 951 546 1006 regum
566 935 744 989 Francorum
755 950 819 1005 quae
835 933 957 988 diversis
1012 932 1084 987 finos
1097 931 1223 987 l‘reneire
1235 930 1841 998 illuciteriutcudunt.0uibusabeuntibus

129 1027 246 1083 fueraut
257 1027 322 1080 acte
333 1021 476 1091 conciliis,
489 1022 611 1094 excepit,
624 1025 652 1077 et
662 1039 720 1077 uno
730 1021 878 1077 volumine
893 1038 958 1078 con·
1012 1019 1109 1076 subito
1126 1020 1245 1076 Mentire
1260 1020 1291 1092 (t.
1308 1021 1450 1092 Materna)
1464 1021 1570 1076 lluvius
1585 1021 1690 1077 obvius
1700 1021 1839 1077 occurrit

130 1114 216 1170 tineri
228 1112 304 1168 lecit.
314 1110 618 1184 Cumqueiuterregui
629 1127 763 1184 proceres
779 1111 957 1166 Francorum
1011 1111 1175 1176 Quemcum
1184 1107 1841 1183 transmitterecupiunt,plurimaprecedente

131 1202 250 1277 regibus
260 1205 362 1274 gretus
375 1203 463 1269 esset,
467 1199 558 1271 justis
569 1203 598 1255 et
608 1199 664 1272 piis
680 1199 817 1273 operibus
827 1198 957 1256 intentus
1012 1201 1098 1255 turba
1112 1198 1287 1272 populorum
1315 1199 1389 1255 sacri
1415 1198 1547 1272 pigneris
1570 1198 1657 1272 gleba
1672 1197 1749 1254 citre
1762 1197 1841 1255 littus

130 1291 194 1347 vltae
210 1292 299 1346 tinem
320 1291 398 1358 lecit,
415 1294 444 1345 et
459 1288 518 1345 illic
542 1288 592 1345 ubi
618 1289 776 1362 spatiosius
798 1287 957 1347 Eccleslam
1012 1287 1332 1344 constiteratblonccbi
1344 1286 1373 1342 in
1385 1286 1509 1344 articulo
1525 1285 1611 1360 positi
1627 1285 1699 1360 quid
1716 1284 1842 1345 tacerent

130 1381 308 1448 extenderat,
325 1379 445 1452 dignam
461 1377 572 1451 aceepit
587 1377 778 1451 sepulturam.
1011 1376 1192 1440 nesciebant.
1208 1376 1282 1432 Mire
1312 1375 1445 1433 dicturus
1469 1393 1546 1433 sum.
1563 1375 1630 1432 Mox
1644 1374 1730 1431 navis
1746 1375 1840 1435 divino

130 1487 271 1545 fulbertus
289 1485 382 1542 ebbae.
401 1482 545 1542 (litardus.
562 1482 714 1542 Galliarum
737 1483 838 1558 infelix
861 1494 956 1544 statue.
1012 1464 1176 1539 impulflffll
1197 1466 1306 1539 semlgss
1328 1464 1398 1522 illm
1421 1465 1533 1538 absque
1548 1463 1839 1537 humfflmlllttmlm

260 1558 396 1631 Reliquis
412 1560 442 1613 te
456 1573 550 1614 rerum
566 1558 704 1614 invaseres
719 1555 823 1614 delete.
1013 1557 1116 1629 sponte
1131 1553 1310 1628 perducitur,
1327 1570 1386 1627 qua
1402 1554 1496 1611 sancti
1514 1554 1644 1626 corporis
1660 1552 1750 1627 glebe
1764 1556 1846 1615 tenu

166 1650 210 1704 13.
228 1647 384 1704 Fulbertus
404 1662 530 1719 quoque,
546 1644 591 1701 vir
605 1645 728 1718 quidam
743 1645 877 1715 illustris,
892 1663 958 1720 pro·
1013 1645 1108 1702 batur.
1126 1643 1221 1701 Mirati
1250 1643 1373 1700 comites
1389 1644 1471 1699 tanta
1486 1643 1623 1700 facultate
1639 1641 1730 1699 lluvlo
1746 1645 1843 1700 treus·

131 1737 242 1794 cedenti
271 1741 401 1809 tempere
421 1734 450 1790 in
467 1735 567 1791 eodem
591 1733 654 1791 loco
679 1735 889 1793 constituitur:
906 1734 955 1808 qui
1014 1731 1344 1806 ductl,quauteealenus
1355 1732 1633 1804 nunquamfnerent
1644 1728 1848 1809 expertiltine-

130 1827 218 1883 etiam
249 1829 418 1881 sanctorum
447 1822 574 1879 eretoria
596 1823 673 1880 iuter
697 1824 755 1880 duo
780 1825 957 1882 monasterie
1013 1823 1111 1895 itaque
1131 1823 1331 1894 precedentes,
1348 1819 1435 1893 paulo
1450 1821 1565 1894 posted
1582 1819 1728 1893 predium
1745 1810 1849 1895 pervc'

130 1913 254 1987 pulchro
263 1913 335 1969 satis
347 1905 957 1985 decorecomposuit,rebusquedecentibus
1012 1912 1098 1967 niunt
1109 1911 1179 1966 Nurrt
1190 1912 1246 1979 (52)
1263 1910 1398 1982 superius
1415 1913 1608 1966 memoratum
1623 1926 1630 1966 :
1643 1907 1695 1964 ubi
1709 1904 1843 1966 videlicet

131 2001 292 2058 adornavit.
310 1999 377 2057 Post
392 2000 452 2056 hee
466 2000 552 2074 louge
567 1999 700 2074 paganis,
713 2005 746 2056 ut
758 2001 955 2074 prediximus,
1011 1998 1195 2073 ipscetvitas
1211 1999 1363 2056 exordium
1391 1997 1593 2071 temporaliter
1619 1999 1837 2070 sumpsemtet

131 2089 323 2161 irruentibus,
340 2087 493 2145 monacbis
517 2087 957 2163 lematerrerlssubitiperdi·
1012 2077 1190 2169 quibusdam
1207 2087 1416 2145 miraculorum
1445 2087 1539 2162 signis
1553 2086 1654 2143 vivens
1667 2084 1834 2144 illustraret

130 2196 214 2236 versa
236 2176 428 2250 reptantibus,
446 2176 591 2234 Giberdus
605 2176 649 2233 vir
664 2191 768 2252 genere
782 2181 811 2234 et
825 2178 958 2236 doctrina
1012 2178 1220 2250 llieeemperta
1236 2177 1378 2251 corporali
1391 2177 1456 2250 eJ'us
1470 2173 1702 2249 presentie,diei
1719 2174 1777 2231 nen
1790 2190 1836 2250 pe·

130 2266 324 2335 clarissimus,
337 2266 386 2339 qui
398 2270 499 2339 paster
513 2265 682 2323 monasterii
695 2269 724 2323 ct
733 2266 824 2324 abbes
834 2282 867 2324 eo
883 2271 956 2324 tem·
1011 2269 1077 2335 test,
1095 2271 1205 2340 quanta
1216 2264 1547 2339 utriusque'sexusillue
1563 2264 1740 2321 confluxerit
1752 2265 1836 2340 pepu-

129 2374 198 2430 pero
209 2357 304 2413 suerat
317 2355 508 2423 constitutus,
519 2354 589 2411 dum
601 2351 720 2430 longius
729 2357 765 2412 ad
776 2355 849 2412 alies
859 2360 957 2429 partes
1011 2355 1107 2413 lorum
1136 2355 1311 2429 frequentia.
1330 2356 1409 2412 luter
1423 2370 1487 2429 que
1503 2353 1539 2411 ob
1555 2353 1769 2410 beneficiorum
1779 2353 1836 2426 elus

129 2445 578 2519 sueratdigressus,puguuorum
586 2443 642 2517 (50)
654 2444 769 2518 sagittis
780 2446 954 2516 confoditur,
1010 2445 1136 2519 gretiam
1159 2461 1225 2502 cum
1243 2445 1357 2501 diversa
1372 2445 1516 2501 denorum
1532 2458 1657 2499 munera
1672 2438 1743 2500 cum
1759 2441 1837 2517 glebe

128 2540 216 2610 atque
245 2535 274 2591 ln
298 2534 362 2592 leco
386 2534 436 2608 qui
453 2533 569 2591 Martini
586 2533 655 2590 villa
670 2534 788 2604 dicitur,
804 2534 954 2610 sepelitur.
1010 2535 1102 2591 suncti
1113 2535 1167 2590 viri
1180 2533 1383 2591 intertrondes
1396 2534 1534 2590 arborum
1546 2548 1603 2606 pree
1614 2531 1837 2588 turbairreieute

127 2624 277 2683 Tetelmus
289 2641 406 2698 quoque
417 2623 579 2680 monucbus
589 2622 771 2680 honorabilis
784 2623 860 2681 inter
874 2643 953 2694 suos,
1010 2623 1200 2680 decernerent
1216 2623 1352 2696 appendi,
1363 2623 1511 2695 quoddam
1527 2620 1659 2694 ligneum
1674 2619 1837 2694 puerilem

126 2732 184 2771 nou
196 2713 282 2788 louge
293 2732 310 2770 e
320 2712 499 2770 monasterio
520 2713 655 2769 inventus
672 2716 717 2769 est
730 2730 797 2770 cum
808 2713 874 2771 aliis
889 2715 953 2787 qui·
1009 2712 1137 2784 quodam
1148 2711 1270 2786 contigit
1282 2711 1389 2767 offerri.
1402 2710 1461 2768 Hoc
1473 2726 1550 2767 unus
1561 2725 1577 2765 e
1588 2708 1711 2765 tumulis
1723 2724 1836 2766 servan·

48 2828 52 2833 ·
126 2804 253 2860 busdam
264 2802 444 2859 interiectus.
457 2802 530 2858 llinc
543 2803 608 2875 jam
623 2820 717 2876 usque
732 2803 768 2859 ad
779 2803 839 2860 hec
855 2809 955 2860 nostra
1009 2801 1080 2856 dum
1096 2805 1255 2874 acceperut.
1273 2801 1354 2867 Quod
1368 2817 1436 2856 curn
1450 2800 1570 2874 quidam
1586 2797 1718 2854 lascivus
1723 2796 1838 2872 juvenis

126 2894 259 2965 tempera
289 2891 457 2966 pastoribus
486 2892 705 2959 decedentibus,
731 2890 876 2948 lticbardo
897 2894 954 2962 (51)
1009 2889 1478 2964 etpetuleusabillopeteretsibi
1501 2888 1573 2957 dari,
1590 2887 1751 2944 cumlorte
1764 2886 1838 2945 ride

16 3018 22 3023 -
127 2981 316 3053 mugnoducc
326 2980 511 3053 burgundie,
523 2980 594 3034 dum
609 2980 695 3035 invisi
711 2980 825 3053 tyranni
843 2981 952 3053 passim
1009 2983 1089 3036 retur
1101 2979 1240 3052 indignus
1251 2979 1420 3051 promereri,
1438 2977 1486 3034 ille
1497 2981 1630 3050 exemplo
1642 2975 1778 3033 enseviri
1787 2976 1836 3033 Dei

127 3068 285 3139 coepissent
299 3084 457 3140 emergere,
475 3084 508 3123 ac
524 3083 588 3125 sese
602 3067 726 3124 inrieem
741 3073 845 3125 mutua
857 3074 954 3144 strage
1008 3068 1148 3141 obsequio
1159 3068 1289 3124 deditum
1298 3067 1396 3140 gladio
1407 3067 1490 3124 nisus
1502 3070 1546 3123 est
1555 3067 1838 3139 appetere.Cumque

126 3154 273 3222 collidere,
285 3154 414 3212 Ecclesia
424 3155 475 3211 Dei
486 3156 685 3224 contunditur,
693 3157 763 3228 jura
774 3165 953 3231 rumpuntur
967 3144 988 3210 G
1008 3157 1037 3213 ln
1048 3175 1114 3214 curn
1124 3157 1262 3214 librasset
1273 3156 1475 3226 ictum,subitc
1491 3154 1622 3212 ferientis
1632 3153 1837 3229 dexteraliga·

125 3242 432 3317 (t.vielantur),legum
442 3247 551 3299 statuta
562 3245 953 3318 rurnpuntur,possessioues
1007 3247 1098 3303 turin
1115 3263 1191 3303 acre.
1206 3246 1253 3302 Sic
1266 3245 1315 3302 ille
1330 3246 1393 3302 sine
1417 3244 1550 3318 patibulo
1574 3243 1647 3301 ooelo
1672 3260 1837 3317 suspensus

124 3332 259 3391 Ecclesiae
270 3333 478 3406 pervaduntur,
488 3336 516 3388 ct
527 3333 564 3388 ab
580 3331 681 3406 impiis
691 3334 822 3406 undique
835 3334 952 3408 rapiun·
1008 3353 1111 3393 eureus
1122 3336 1264 3404 redditur,
1277 3351 1366 3391 seusu
1383 3333 1667 3402 contunditur,llxus
1675 3332 1786 3390 tellure
1796 3336 1837 3389 te·

124 3425 182 3503 tur.
200 3422 297 3478 Sacris
307 3438 366 3501 non
384 3425 428 3477 est
442 3421 604 3477 reverentia
615 3420 698 3490 lucie,
713 3423 764 3478 sed
779 3424 953 3497 prevalente
1008 3430 1103 3494 uetur,
1120 3440 1173 3480 noc
1189 3423 1271 3496 prius
1296 3424 1392 3496 potuit
1414 3424 1470 3479 sibi
1492 3421 1584 3491 reddi,
1598 3439 1690 3495 quam
1706 3421 1837 3480 cretione

41 3501 43 3505 '
125 3509 257 3582 nequitie
271 3509 430 3583 impiorum
447 3514 527 3566 totus
542 3510 653 3583 pariter
668 3511 795 3568 concidit
809 3513 953 3572 benorre-
1007 3508 1835 3586 illorum,quibusnociturusveneral,mercreturebsel'vi.

122 3597 264 3672 ligiouis:
293 3599 370 3672 qued
401 3598 527 3654 nimium
555 3598 734 3656 habitatores
762 3602 952 3661 luxoviensis
1007 3603 1049 3659 ltu
1060 3602 1255 3675 plurimorum
1285 3606 1403 3674 pectore
1417 3605 1510 3657 terror
1522 3599 1735 3673 perstrinxerat
1747 3598 1838 3673 buius

123 3686 245 3744 coeuobii
262 3685 389 3761 peccatis
402 3686 587 3762 exigentibus
603 3687 727 3761 pleniter
737 3694 808 3747 sunt
820 3694 929 3764 experti
944 3712 950 3762 ;
1007 3692 1085 3750 laeti.
1100 3692 1230 3764 Denique
1242 3691 1288 3747 hic
1299 3690 1511 3763 aliquantisper
1521 3707 1538 3745 u
1548 3687 1655 3762 populo
1665 3688 1777 3745 detenti
1792 3702 1837 3745 re·

122 3777 335 3835 nemvilluset
357 3777 560 3850 possessiones
588 3776 950 3838 coruminbaercditutem
1007 3785 1129 3838 sumunt
1144 3781 1198 3836 iter
1212 3781 1290 3853 quod
1307 3784 1463 3851 oeperunt,
1480 3779 1516 3834 ad
1533 3776 1686 3834 Herlerum
1714 3777 1837 3835 veniunt

122 3866 178 3924 sibi
189 3866 375 3940 diripuerunt
386 3884 493 3923 munus
506 3867 678 3923 alienorum.
692 3868 823 3941 Cumque
833 3887 881 3926 rex
893 3888 950 3928 uon
1006 3866 1833 3943 quotendebant.lusurguntundiqueinjusttpervasores,

121 3959 199 4013 esset
209 3960 238 4011 et
244 3957 345 4028 judex,
362 3955 496 4029 quivere
508 3955 749 4028 iutuitujustitie
761 3957 830 4013 huic
844 3957 950 4028 impio·
1005 3959 1134 4015 volentes
1149 3975 1199 4014 cos
1215 3977 1232 4014 e
1246 3957 1355 4014 finibus
1366 3956 1515 4031 repellere,
1526 3972 1602 4030 quos
1616 3955 1662 4011 sui
1677 3954 1835 4029 dispendis

121 4061 188 4099 rum
211 4044 345 4116 pravitati
374 4042 461 4100 vellet
490 4062 525 4101 ex
554 4048 613 4101 toto
643 4045 789 4118 resistere,
806 4046 951 4121 compulsi
1005 4047 1164 4104 cernebant
1188 4046 1351 4103 advenisse.
1368 4047 1423 4103 Sed
1440 4045 1533 4102 suncti
1547 4044 1601 4100 viri
1614 4044 1710 4101 virtus
1726 4048 1834 4101 terrere

122 4132 593 4205 suntqncmplurimielericorum
604 4138 707 4190 contre
717 4139 889 4194 temeratam
903 4155 951 4195 au·
1006 4132 1835 4208 mentesedomutimpiorum,etsuisrelormutdomestice

120 4221 236 4277 decium
252 4220 454 4295 diripientium
481 4239 602 4279 suorum
626 4223 749 4297 pignore
763 4225 951 4283 circumferre
1004 4226 1194 4298 predia,qure
1207 4224 1368 4281 alienorum
1384 4223 1561 4281 lectionibus
1576 4223 1693 4279 luerent
1708 4223 1832 4296 direpte.

120 4314 301 4381 sauctorum,
315 4311 702 4385 utquespotcstashumcne
713 4331 770 4369 non
783 4330 948 4389 compesce·
1006 4310 1058 4386 Ita,
1072 4314 1141 4371 lieet
1159 4331 1227 4370 cum
1245 4314 1353 4384 labore,
1366 4315 1454 4370 rebus
1469 4311 1650 4386 compositis,
1662 4328 1732 4368 cum
1742 4313 1834 4369 sceris

119 4404 173 4468 ret,
189 4399 284 4456 virtus
303 4403 422 4457 ostensa
440 4399 539 4457 divine
558 4405 712 4458 coerceret.
726 4401 796 4458 lude
812 4405 948 4478 estquod
1004 4403 1176 4478 pignoribus
1188 4403 1323 4460 monaehi
1333 4403 1527 4475 obsequentes
1535 4399 1661 4458 lectiores
1669 4399 1835 4457 redduntur

120 4488 273 4562 looibujus
283 4488 383 4546 incole
394 4488 464 4545 alibi
476 4489 615 4546 tldueiam
624 4506 681 4546 nou
691 4488 950 4562 babentes,contrc
963 4515 987 4581 D
1004 4492 1129 4567 propriis
1144 4493 1266 4550 laribus.

119 4580 282 4654 nequitiem
292 4596 494 4653 perversorum
506 4581 599 4637 saneti
610 4578 788 4639 Waldeberti
800 4581 948 4641 suideleu·
1289 4583 1429 4640 invaseres
1441 4583 1544 4655 puniti.

101 4726 103 4731 ,
119 4669 194 4726 soris
213 4668 281 4726 lutis
296 4666 427 4743 corporis
441 4670 505 4742 ejus
521 4669 694 4745 pignoribus
709 4668 822 4727 soleant
840 4671 948 4729 interro
1039 4674 1083 4728 16.
1099 4671 1189 4729 Vicus
1204 4675 1248 4730 est
1263 4671 1369 4729 iterum
1382 4687 1440 4727 non
1451 4668 1599 4744 ignobilis,
1611 4666 1831 4725 Provinchericc

117 4757 303 4828 virtutem,ut
313 4759 363 4832 qui
374 4759 523 4832 quendem
540 4758 710 4832 temporalis
725 4759 835 4817 militie
850 4778 947 4819 saera·
1002 4776 1056 4817 suo
1071 4758 1212 4816 vacabulo
1228 4759 1334 4829 dictus,
1347 4775 1421 4834 pene
1435 4747 1537 4832 viginti
1552 4753 1686 4813 millibus
1701 4771 1720 4812 c
1734 4758 1832 4811 moue

119 4849 219 4927 menta
228 4862 359 4914 servasse
369 4844 450 4903 visus
461 4845 632 4920 tumetipse
647 4863 764 4921 quoque
775 4848 851 4906 inter
861 4867 948 4907 casus
1002 4848 1090 4907 sterio
1103 4848 1271 4921 disparatus
1288 4865 1295 4905 ι
1312 4864 1401 4923 quem
1430 4844 1564 4904 videlicet
1588 4843 1684 4900 vicum
1711 4840 1831 4917 quidem

119 4950 240 4991 suorum
257 4935 388 4993 bdelium
405 4934 472 5008 pius
493 4939 695 5010 propugnator
709 4937 839 4994 assistat.
856 4937 947 5011 Cujus
1002 4939 1087 4995 miles
1107 4941 1283 5011 perveserct,
1300 4938 1377 4994 inter
1406 4952 1475 4994 suos
1505 4931 1774 4992 nominatissimus.
1788 4929 1830 4988 Ad

118 5024 159 5080 rei
176 5025 409 5097 experimentum
425 5042 456 5082 se
472 5024 548 5082 ultro
570 5024 689 5099 ingerit,
705 5026 731 5081 si
747 5027 948 5085 consideretur
1002 5045 1089 5101 quem
1106 5027 1245 5101 angustia
1259 5027 1438 5097 imminenti,
1453 5026 1524 5098 quia
1539 5025 1638 5079 decret
1656 5020 1830 5095 suffragium

118 5112 233 5170 virtutis
246 5115 310 5186 ejus
326 5115 466 5187 petentia,
482 5132 571 5188 quam
588 5115 756 5187 frequenter
770 5117 909 5174 ostendit.
1001 5117 1107 5173 terreni
1120 5116 1291 5185 defensuris,
1304 5117 1398 5172 sancti
1412 5115 1466 5171 viri
1477 5113 1593 5188 glebam
1605 5109 1771 5182 imperabat
1784 5124 1831 5165 ue·

153 5219 210 5292 (50)
227 5220 256 5276 ld
273 5225 318 5277 cst
342 5222 601 5279 Nortmennerum.
618 5221 699 5288 Quod
720 5223 855 5280 existimo
871 5225 945 5281 acci·
1002 5242 1069 5281 nem
1080 5225 1252 5291 Carnutum,
1265 5222 1469 5296 testellugone
1480 5217 1623 5277 monacho
1641 5215 1827 5282 Florieceusi,

117 5289 197 5348 disse
212 5308 289 5348 euno
301 5293 416 5349 Domini
428 5295 489 5360 888,
502 5310 560 5366 quo
578 5294 644 5348 cusi
665 5293 701 5348 eb
717 5294 827 5350 eisdem
844 5314 946 5352 mona·
1002 5314 1065 5368 qure
1081 5295 1205 5367 contigit
1219 5313 1295 5352 enno
1308 5297 1370 5351 891.
1799 5360 1802 5365 ¹

118 5361 165 5416 chi
182 5363 353 5431 Besucuses,
371 5369 445 5420 teste
458 5364 591 5420 iohanne
604 5360 748 5421 monacho
760 5367 899 5424 Besuensi
917 5369 945 5424 in
1038 5368 1093 5436 (52)
1109 5366 1181 5423 Hine
1197 5366 1371 5439 conjicimus
1394 5366 1533 5431 Nantum,
1549 5358 1731 5417 Waldeberti
1747 5361 1827 5415 nate·

118 5433 269 5502 Clrrenice,
286 5434 392 5508 Spicile
415 5435 433 5489 'i
449 5440 527 5491 toruo
545 5436 579 5491 11.
1000 5438 1057 5495 leur
1070 5428 1826 5511 locum,esseoppidurrrNantogilum,ltuutueil,quod

155 5504 210 5573 151)
226 5506 390 5562 lticbardus
427 5506 946 5579 urgendis*duxstrenuusarlvcrsus
1000 5509 1201 5581 cburgundia
1217 5509 1379 5565 Maternum
1408 5505 1603 5582 prsetervectis
1632 5503 1752 5559 obvium
1772 5504 1825 5568 cst,

120 5573 469 5646 Nortmanuus,ruortuus
484 5583 527 5634 cst
543 5595 619 5633 uuuo
635 5579 720 5634 tertio
736 5585 801 5653 post
818 5582 945 5639 obsidio·
1004 5582 1054 5637 ubi
1072 5582 1213 5636 hacteuus
1229 5584 1273 5636 ast
1289 5581 1436 5652 prierulus
1451 5577 1563 5636 ordinis
1578 5573 1791 5632 Clunieceusis.
