3908 6082
76 239 81 247 '
130 237 191 300 703
639 237 671 298 S.
696 236 874 297 Atrinum
897 234 1061 296 naeniis
1084 234 1249 296 CLL'NIAC
1272 235 1324 296 Ili.
1782 236 1838 299 70⁴

132 368 756 442 Licetsitanimusperseverans,etspiritus
766 368 858 423 victor
868 385 956 423 anno
969 369 996 436 Α
1010 371 1058 422 tus
1074 366 1252 449 loqueretar,
1269 372 1297 423 ot
1312 367 1348 422 ad
1363 369 1428 438 ojus
1442 366 1556 424 vultum
1572 374 1602 424 ct
1615 367 1706 425 rerba
1721 367 1838 427 circum·

132 456 209 510 rum,
218 440 310 497 totius
322 444 419 496 tamon
431 439 560 511 corporis
573 439 687 494 ruinam
694 456 807 564 passas
817 439 956 494 excubias
1010 439 1175 494 sedentium
1183 437 1411 494 mentosctoculi
1418 440 1840 512 raperenturcheoitavoti·

132 511 395 570 ordiniscolebrare
406 527 463 566 non
476 509 692 582 possum.Provi
715 511 957 566 ebatsibidiscro-
1010 509 1130 580 qnidam
1145 508 1291 565 incumbit
1305 509 1449 578 eloctio,ct
1462 516 1593 566 vestrum
1610 515 1675 567 crat
1690 511 1837 571 communi

133 584 174 640 tio
187 587 282 640 rastra
297 586 454 655 pastorem,
468 581 518 652 qui
535 581 678 652 precedat
693 598 744 636 vos
760 582 789 635 in
800 582 846 636 via
858 581 956 646 liciat
1011 580 1194 653 providentia
1218 580 1381 652 prefecisse
1404 583 1551 654 pastorem
1579 582 1636 638 Sed
1651 582 1795 655 quoniam
1809 582 1837 640 in

130 654 220 710 veluti
236 654 372 709 columna
387 652 508 707 luminis
523 651 552 706 in
569 656 652 707 nocte
667 651 836 708 offensionis
847 652 954 723 dirigat
1010 656 1116 706 nostrae
1131 651 1316 707 discretionis
1333 652 1440 708 'adicio
1455 654 1543 708 vestri
1559 670 1680 726 quoque
1701 653 1838 726 posuistis

130 742 250 799 gressus
260 728 381 780 vestros.
389 723 475 778 Navis
486 723 549 778 siue
560 723 670 848 remipo
681 724 840 779 commissa
849 724 954 787 neritis,
1009 722 1121 778 arbitrii
1137 722 1311 789 libertatem,
1324 669 1359 779 ie
1370 723 1485 779 Domini
1498 725 1670 781 misericord
1676 725 1705 780 ia
1716 725 1763 798 pie
1791 740 1838 782 aaa

131 814 187 851 non
203 795 356 865 enavigare
371 795 407 850 ad
423 798 550 875 portum,
568 794 638 849 sedi
655 795 704 849 lidi
717 794 888 866 scopaiie,ct
899 812 956 848 me·
1011 810 1143 861 sumens,
1160 793 1261 850 hort-or
1277 798 1363 866 atquc
1378 811 1549 851 commoneo
1565 800 1599 851 ut
1612 797 1736 852 fratrem
1781 797 1836 855 aie·

129 840 340 992 diisinscpciiri
351 866 488 920 fluctibns
500 865 833 921 consuevit.Gnstrensis
845 865 954 920 militia
1010 864 1109 919 lumin
1117 866 1280 921 custodiam
1290 867 1386 939 gregis
1396 866 1510 921 Domini
1522 866 1716 923 saihstitaatis
1725 866 1836 942 vigiiem

131 937 249 993 multitu
272 937 359 1005 o,nisi
376 937 459 992 dacis
474 936 588 1007 legibus
604 936 788 1002 informatur,
801 935 955 1009 promentia
1009 941 1038 991 et
1055 942 1206 992 rectorem.
1219 959 1232 988 a
1250 941 1311 1002 Quo
1328 939 1402 992 iacto
1418 938 1515 1010 ipsum
1529 940 1565 994 ab
1576 939 1836 1010 episcopottabiic-

130 1009 292 1074 munimur,
308 1009 443 1062 firmetur
464 1007 582 1071 arixiiio,
599 1025 689 1062 saras
712 1008 954 1063 circumiremen-
1010 1008 1092 1062 ncnei
1108 1008 1224 1063 nomine
1240 1008 1408 1064 iinidebado
1419 1008 1547 1064 ordinari
1560 1010 1835 1082 rogavitiitdeindc

131 1080 204 1136 tium
221 1079 350 1135 hostium
366 1095 472 1133 manus
487 1078 629 1133 incurrit:
646 1078 903 1134 Ecclesiaviduuta
914 1097 954 1134 rc·
1009 1083 1075 1150 poet
1092 1072 1835 1153 resignationomvixitgloriosusrtymardusnovem

131 1151 363 1216 ctore,dumnon
376 1149 589 1204 habetoculam
600 1150 955 1275 providentiaquorega·
1009 1149 1095 1206 annis
1111 1149 1141 1205 in
1156 1151 1302 1217 cluniaco,
1319 1156 1349 1206 et
1363 1152 1402 1206 ibi
1420 1151 1491 1207 obiit
1510 1170 1586 1208 auno
1601 1152 1667 1220 953,
1686 1171 1719 1208 ru
1744 1153 1835 1210 Noun

129 1227 187 1291 tur,
206 1222 316 1277 faveam
332 1220 597 1292 precipitatiorriso
621 1221 711 1275 cadit.
728 1243 742 1271 a
759 1221 833 1276 Cam
850 1221 911 1276 hac
927 1226 956 1276 ct
1009 1221 1121 1289 Octob„
1136 1223 1215 1293 jacet
1238 1241 1273 1278 uc
1295 1224 1324 1278 in
1347 1224 1485 1296 praedicto
1504 1225 1593 1280 veteri
1613 1223 1743 1282 ccclesia
1766 1230 1835 1283 retra

130 1292 238 1352 similia
252 1291 425 1349 venerabilis
440 1308 528 1348 senex
540 1292 704 1367 aymardus
713 1292 743 1347 in
754 1292 861 1349 virtute
872 1291 955 1365 spiri·
1010 1291 1101 1349 altare
1118 1294 1208 1349 beata
1217 1240 1333 1351 iuria.

602 1676 911 1783 ΕΔΜἩ
951 1675 1361 1783 Aeaeam

752 1899 1210 2014 cantiunculas

419 2125 514 2199 (Apud
531 2125 564 2182 D.
582 2125 712 2194 Marricr,
729 2126 894 2184 Bibliotheca
910 2125 1108 2196 cluniacensis,
1125 2144 1159 2184 ex
1182 2127 1327 2185 chartario
1343 2127 1538 2186 Cluniaccnsi.

527 2438 548 2495 1.
967 2443 1123 2516 Baunque
1146 2441 1297 2516 dispersis,
1315 2445 1433 2514 excepto
1458 2439 1544 2497 tertio
1566 2443 1665 2497 tractu
1687 2439 1723 2498 ds
1745 2439 1818 2508 iiase,

123 2548 305 2620 Priaitepiam
333 2545 427 2602 domm
448 2545 560 2618 Agapcti
581 2561 662 2619 papae
690 2546 787 2603 domae
814 2547 951 2620 Agraerrio
1006 2531 1084 2605 qu⁰d
1110 2531 1235 2604 pertinet
1259 2530 1295 2587 ad
1316 2527 1622 2587 S·Vi¹¹⁰0111511m·ffii
1625 2569 1728 2584 ·········
1743 2524 1817 2587 istm

46 2634 49 2638 ’
454 2632 620 2674 concessam.
1006 2621 1041 2676 de
1056 2619 1197 2676 Davaiaco
1213 2636 1279 2675 cum
1300 2635 1388 2676 uxore
1412 2636 1475 2685 sua,
1493 2617 1563 2673 filiis
1576 2621 1606 2674 et
1619 2616 1747 2687 filiabus,
1761 2631 1816 2674 can

122 2716 207 2797 (Vide
239 2725 316 2780 inter
347 2720 486 2796 epistolas
518 2727 547 2780 ct
579 2723 731 2798 privilegia
762 2726 884 2799 Agapoti
913 2727 948 2796 ῃ,
1005 2708 1151 2765 universis
1175 2708 1279 2764 alodiis
1294 2711 1323 2764 ot
1338 2709 1426 2765 rebus
1451 2698 1568 2775 suiessct
1591 2706 1693 2763 omnia
1714 2705 1815 2780 quaa

214 2813 303 2886 huju,
319 2816 426 2878 1105pr
442 2811 693 2886 pair010gjoei0m‚
707 2811 860 2884 CXXXHI.)
1006 2797 1083 2854 dicto
1098 2797 1239 2853 comitatu
1256 2801 1336 2854 tanet
1353 2813 1359 2852 :
1378 2798 1455 2870 quod
1472 2802 1533 2852 tarn
1549 2812 1601 2868 pro
1618 2812 1718 2852 amore
1731 2794 1815 2853 beau·

518 2920 552 2976 ΗΙ
1005 2905 1072 2943 rum
1088 2885 1286 2959 apostolorum
1307 2886 1382 2943 Petri
1399 2891 1428 2943 et
1443 2883 1534 2952 Pauli,
1551 2899 1642 2956 quam
1665 2882 1752 2941 ctiam
1773 2896 1813 2957 pn

1004 2980 1084 3032 statu
1099 2976 1180 3048 regni
1196 2976 1288 3031 nostri
1305 2975 1438 3031 simulet
1460 2972 1628 3046 Principum
1652 2975 1814 3038 nostrorum,

1004 3081 1037 3121 ac
1052 3064 1185 3120 omnium
1200 3064 1331 3120 fidelium
1347 3063 1581 3119 Christianorum
1594 3059 1815 3119 salutesoiunta

1006 3154 1047 3209 ric
1063 3153 1196 3221 fecimus,
1207 3168 1366 3226 eorumque
1379 3152 1431 3225 pia
1440 3155 1469 3208 et
1477 3153 1585 3208 devota
1597 3149 1733 3223 petitioni
1742 3149 1816 3206 iiben-

124 3029 294 3101 Praeceptam
325 3026 454 3084 Ludovici
487 3028 559 3083 reia
593 3029 761 3085 Francorum
795 3030 828 3087 de
858 3039 950 3088 sancto

378 3100 482 3156 tornae
521 3100 695 3156 otirconcnai.

446 3190 540 3258 (Anno
554 3186 630 3259 cic.)

160 3293 192 3352 ln
208 3293 326 3352 nomine
340 3292 456 3350 Domini
472 3293 522 3350 Dei
537 3298 566 3350 et
582 3293 741 3351 salvatoris
766 3296 855 3352 nostri
879 3295 950 3352 iesu

123 3383 242 3454 Christi,
263 3385 429 3441 Lanovrcus
456 3381 555 3438 divina
583 3383 738 3439 ordinante
767 3385 950 3456 providentia

123 3489 183 3531 rex.

157 3561 188 3632 Si
204 3562 282 3618 enim
298 3561 434 3635 precibus
449 3577 599 3618 sorvorum
620 3562 680 3631 Dei,
698 3579 750 3635 pro
775 3568 882 3619 sancte
898 3563 948 3620 Dei

122 3649 947 3725 Ecclesiae,ctcorumutilitatibusassonsumprebemus,

122 3739 250 3815 regalem
266 3738 367 3812 procui
383 3738 472 3795 dubio
487 3755 654 3796 exercemus
669 3739 884 3814 dignitatem,et
894 3740 949 3797 hoc

69 3849 72 3855 ’
121 3829 315 3901 imposterum
330 3829 394 3898 iure
410 3827 580 3885 firmissimo
596 3844 770 3885 mansurum
785 3846 849 3885 esse
863 3829 944 3886 volu·
960 3815 982 3882 C

121 3935 199 3974 mus.
215 3916 326 3974 idcirco
342 3916 454 3972 noverit
475 3917 608 3973 omnium
625 3920 731 3974 sancta
747 3917 796 3973 Dei
813 3919 946 3974 Ecclesiae
1002 3955 1114 4022 beatur,
1129 3958 1157 4010 et

122 4005 252 4089 fidelium
267 4009 296 4061 et
310 4010 488 4076 nostrorum,
504 4022 615 4078 presan

1005 3247 1049 3299 ter
1064 3242 1234 3299 annuimus.
1249 3241 1452 3315 Pracipientcs
1468 3254 1535 3314 ergo
1547 3240 1702 3311 jubemus,
1713 3237 1817 3297 utdsin·

1005 3348 1072 3405 ceps
1083 3349 1134 3405 per
1145 3331 1220 3386 hanc
1231 3335 1361 3387 nostram
1373 3328 1650 3400 auetoritntcmjure
1661 3325 1817 3384 firmissima

1004 3420 1134 3494 praedicti
1150 3419 1256 3475 Christi
1272 3424 1373 3487 testes,
1389 3420 1494 3474 heatus
1510 3417 1612 3473 Petrus
1627 3419 1658 3472 ot
1668 3411 1819 3484 Paulus,rei

1005 3511 1096 3566 abbas
1115 3526 1228 3577 corum,
1245 3526 1296 3564 sou
1322 3506 1456 3564 monachi
1488 3506 1599 3561 eisdem
1625 3504 1701 3577 ipsis
1724 3500 1819 3561 Christi

1004 3598 1143 3671 apostolis
1165 3597 1324 3653 servientes
1348 3600 1468 3653 teneant
1494 3599 1581 3666 atque
1606 3592 1821 3666 possideeatct

1004 3687 1148 3760 quidquid
1164 3687 1267 3742 exindo
1282 3687 1376 3741 facero
1386 3683 1571 3756 reljudicare
1581 3681 1821 3751 voluerintaiuoa

1004 3776 1033 3831 in
1050 3775 1187 3832 omnibus
1204 3776 1393 3847 perfruantur
1408 3771 1529 3829 arbitrio
1545 3770 1670 3827 faciendi
1690 3768 1822 3844 quidquid

1002 3865 1152 3938 clegerint.
1170 3866 1204 3920 Et
1220 3869 1252 3920 ut
1267 3864 1328 3919 hacc
1343 3867 1443 3919 nostra
1463 3859 1622 3918 auctoritas
1648 3860 1763 3919 firmior
1776 3858 1822 3917 ha·

1173 3970 1224 4026 per
1240 3953 1339 4008 sutura
1355 3957 1488 4025 tempora
1503 3948 1609 4006 meiius
1630 3952 1821 4015 conservetur,

618 4007 692 4063 tium
705 4005 816 4063 ⁸⁰ffi⁰⁰t
827 4024 860 4064 ¹¹⁰
871 4007 948 4064 ΜΨ
1002 4045 1037 4100 de
1051 4042 1161 4100 annaio
1177 4045 1276 4098 nostro
1292 4042 1393 4098 subter
1403 4040 1550 4113 jussimus
1566 4036 1702 4111 sigillari.

121 4110 221 4151 rorum
241 4091 397 4163 industria,
415 4095 485 4167 quin
508 4096 644 4153 adierunt
668 4096 761 4153 nostri
786 4095 945 4170 principes,
1038 4131 1161 4205 Signum
1178 4130 1314 4186 Ludovici
1331 4130 1428 4203 Regis·

121 4182 204 4254 Hugo
219 4178 352 4237 uidelicet
367 4183 427 4238 dux
442 4183 631 4252 Francorum,
647 4190 676 4241 et
691 4185 764 4241 alter
781 4185 864 4258 Hugo
887 4186 947 4242 dux

121 4268 374 4345 Burgundionum,
392 4275 543 4327 necnonet
554 4272 945 4341 Letalduseomes,nostram

121 4361 231 4434 regiam
261 4358 447 4415 serenitatem
476 4361 675 4433 deprecantes,
701 4366 847 4434 quatenus
876 4362 945 4419 Ciu-

120 4443 204 4506 niaco
218 4447 395 4505 monasterio
411 4447 439 4504 in
457 4448 567 4505 honore
583 4450 736 4506 beatorum
747 4450 945 4524 apostolorum

120 4537 196 4595 Petri
210 4539 240 4594 et
254 4535 335 4595 Pauli
350 4539 529 4605 consecrato,
547 4539 691 4610 quasdam
706 4555 753 4595 res
773 4541 944 4598 concedere-

119 4643 187 4685 mus
200 4640 253 4702 per
266 4626 362 4702 regaie
380 4629 569 4701 preceptum,
586 4626 741 4684 ecclesiam
765 4628 945 4686 videlicet'in

118 4717 229 4776 honore
243 4716 337 4775 sancti
352 4715 475 4774 ioannis
491 4716 655 4773 dedicatam
670 4716 699 4771 in
711 4716 852 4774 suburbio
864 4717 947 4773 Mati-

118 4805 254 4866 sconensi
270 4804 420 4875 situatam,
432 4821 500 4863 cum
515 4806 654 4863 omnihus
667 4805 802 4862 rebusad
813 4806 946 4862 eamdem

1037 4220 1162 4293 Rorigus
1178 4219 1370 4276 cancellarius
1384 4220 1421 4275 ad
1440 4218 1532 4274 ricem
1555 4215 1661 4273 Acardi
1689 4230 1821 4290 recogno·

1001 4309 1053 4367 vit.

1035 4402 1141 4456 Actum
1157 4396 1328 4471 capriniaco
1352 4397 1421 4453 villa
1445 4395 1518 4464 uat,
1534 4394 1594 4452 dul.
1611 4410 1690 4450 anno
1704 4411 1733 4449 m
1748 4389 1819 4466 regni

1001 4487 1141 4546 Ludovici
1156 4487 1244 4561 ragis,
1262 4487 1379 4559 quanda
1394 4487 1483 4543 etiam
1497 4484 1651 4542 Franciam
1675 4496 1820 4556 recupera·

999 4578 1051 4635 vit.

1158 4770 1258 4827 Charta
1271 4680 1488 4844 ejsudemssrlepis,
1500 4768 1531 4825 de
1549 4769 1672 4824 tusiaco.

1322 4878 1415 4950 (Anno
1430 4876 1507 4947 946.)

118 4895 272 4954 ecclesiam
288 4894 512 4968 pertinentibus,
529 4894 628 4952 villam
643 4893 734 4950 etiam
748 4893 945 4966 ejus,Hosam,

119 4983 269 5054 Maiorem,
287 4984 462 5055 Exhoscum,
487 4988 517 5040 et
537 4983 638 5040 uillam
667 4984 848 5039 Senosanem
877 4999 945 5039 cum
1036 4988 1067 5044 ln
1082 4985 1318 5041 nominosonctee
1333 4987 1362 5039 ct
1378 4983 1533 5040 individue
1548 4980 1714 5049 Trinitatis,
1732 4980 1818 5037 Luco·

119 5072 216 5143 terris,
234 5073 335 5146 pratis,
352 5072 445 5143 silvis,
461 5074 547 5146 aquis
562 5072 736 5146 majoribus,
748 5071 818 5128 rivis
828 5071 947 5128 minori·
999 5091 1083 5131 vicus
1099 5073 1198 5129 divina
1212 5072 1389 5146 propitiante
1404 5070 1560 5129 clementia
1573 5087 1634 5126 rex.

119 5162 186 5232 bus,
202 5161 329 5231 vivariis,
345 5162 468 5235 stagnis,
485 5163 582 5234 fossis,
599 5165 628 5218 ct
642 5162 983 5252 portudcsuprajamD
1035 5163 1066 5220 Si
1081 5163 1160 5219 enim
1176 5161 1313 5234 precibus
1328 5178 1477 5217 servorum
1501 5157 1552 5215 Dei
1576 5175 1629 5230 pro
1653 5161 1763 5215 sancta
1776 5151 1819 5214 aa

119 5250 198 5307 dicta
212 5253 297 5318 Hosa,
314 5257 343 5308 ct
357 5252 423 5308 aliis
439 5252 541 5325 portis,
557 5269 625 5308 cum
637 5250 764 5324 pascuis,
776 5251 944 5319 exitibus,et
998 5251 1132 5309 Ecclesia
1148 5254 1237 5320 statu,
1255 5267 1368 5307 necnon
1384 5254 1524 5306 eteorum
1536 5244 1820 5315 utilitatibusasean·

120 5341 313 5412 regressibus,
334 5344 362 5396 et
385 5341 523 5397 omnibus
552 5339 715 5413 adjacentis
743 5344 772 5396 et
803 5340 947 5396 universis
1001 5359 1068 5399 sum
1085 5342 1267 5414 prebemus3
1284 5339 1393 5414 regiam
1410 5337 1439 5394 in
1456 5335 1594 5395 omnihus
1619 5330 1821 5395 consonamus

120 5427 264 5507 piscariis,
275 5431 431 5502 quaesitum
442 5434 471 5485 et
482 5429 737 5505 inquirendum,ct
747 5446 815 5486 cum
825 5429 946 5485 Arnuifo
1001 5431 1174 5503 dignitatem
1192 5446 1198 5484 :
1215 5434 1244 5485 et
1259 5428 1314 5485 hoc
1329 5428 1522 5500 impostorum
1535 5426 1602 5497 jure
1614 5423 1822 5491 firmissimam

120 5518 149 5571 ot
163 5534 251 5574 uxore
266 5534 319 5575 sua
335 5524 364 5574 ct
378 5518 447 5574 filiis
458 5521 487 5574 ct
497 5517 613 5574 filiabus
624 5535 796 5587 eurum‚scu
808 5519 947 5575 omnibus
1001 5511 1822 5589 inviolabilitersorcpermansurutndecernimusidciroc

121 5604 212 5666 servis
227 5611 256 5662 ot
269 5606 384 5664 ancillis
398 5605 443 5663 vol
458 5605 621 5663 infantibus
641 5607 676 5663 ad
701 5607 886 5680 supradictas
900 5624 946 5664 rce
1001 5614 1108 5666 sancta
1119 5608 1168 5664 Dei
1179 5606 1312 5663 Ecclesia
1322 5605 1464 5676 fidelium,
1476 5606 1706 5675 nostrorumque
1717 5596 1824 5659 noram

122 5692 342 5779 aspicientibus,
354 5712 407 5753 scu
422 5694 526 5755 alodiis
540 5710 641 5752 eorum
656 5694 727 5754 ioris
741 5700 769 5753 ct
784 5695 866 5754 intus
881 5698 945 5754 ubi·
1001 5690 1822 5772 industriaproesentiumscilicetafuturorum,quoaiam
