3908 6082
163 287 219 348 car
287 259 290 264 ’
719 289 884 351 ansonis
907 288 1125 352 castaneis
1147 291 1315 353 arreins
1811 290 1867 357 aas

163 422 292 481 stantius
308 427 337 478 et
351 420 497 495 potentius
513 421 687 478 intercessor
701 423 830 494 effeetus,
847 424 883 478 ad
900 424 984 495 cujus
998 423 1027 491 Α
1042 441 1100 479 non
1110 428 1139 479 ct
1149 442 1239 497 aptium
1255 425 1339 480 multi
1356 425 1477 483 diversis
1487 431 1516 483 et
1529 424 1803 484 innumerabilibus
1812 426 1868 487 tan-

163 512 368 584 exsequiarum
384 511 513 567 solemne
537 512 745 566 ceumrcrciunr
767 513 830 584 jam
856 512 911 567 dici
928 530 985 567 uon
1040 513 1181 583 ginnilms
1194 512 1291 568 inlecti
1309 512 1413 569 salutis
1424 514 1649 587 gattdiahorum
1660 515 1868 575 interventum

162 606 258 677 potest
273 604 381 673 quanta
397 599 554 655 multitude
571 600 701 655 fidelium
718 606 986 673 corrvenerat,quos
1041 602 1187 673 gautlcant
1202 603 1236 658 ad
1255 602 1369 674 [arripi-ia
1385 604 1519 661 retulisse
1530 623 1537 674 ·,
1549 606 1585 661 ad
1598 622 1729 677 quorum
1740 604 1871 663 videlieet

160 690 293 748 videlieet
308 689 369 763 ipse
380 688 726 745 laberissuiinstantiain
735 689 810 745 tilios
821 689 987 762 adeptionis
1018 696 1024 703 '
1042 691 1247 761 patrecinium,
1265 708 1364 762 regum
1377 709 1409 747 ac
1421 692 1587 766 principum
1599 693 1730 765 legimus
1740 696 1871 768 trequen-

159 796 211 854 per
225 779 351 851 Spiritus
367 778 460 835 saneti
476 779 601 850 gratiani
623 778 831 834 transfuderat.
848 780 986 835 (lannoius
1041 779 1112 833 tiam
1135 779 1320 846 conduxisse,
1338 796 1371 834 ac
1388 780 1458 836 viris
1484 781 1545 838 suis
1571 783 1657 838 xenia
1682 781 1815 855 plurima
1835 786 1868 841 ad

158 870 302 925 maximas
319 868 492 940 populorum
510 874 640 922 catervas
657 868 784 937 ncirjarn
801 867 946 939 peregrini
958 872 987 923 et
1041 867 1251 923 sublevandam
1268 885 1417 924 servorum
1434 869 1484 925 Dei
1499 874 1528 926 et
1546 887 1713 942 pauperum
1739 871 1868 945 indigen-

159 959 263 1033 ignoti‚
275 958 324 1013 sed
342 957 449 1028 proprii
468 956 558 1027 patris
569 960 596 1010 ct
608 956 733 1026 pastoris
745 956 790 1011 sui
802 957 885 1011 triste
896 958 986 1013 linms
1042 955 1111 1010 tiam
1128 957 1228 1011 iterata·
1244 957 1414 1024 contulisse,
1432 958 1481 1013 ubi
1497 959 1584 1014 etiam
1598 956 1725 1015 diversis
1735 960 1867 1033 temperi·

162 1044 985 1120 stipasse,etlanientabilesexsequiasnardiquequmana
1041 1045 1107 1107 bns,
1140 1046 1264 1101 mirilico
1294 1050 1364 1101 sunt
1392 1051 1510 1103 ostensa
1538 1049 1683 1104 virtutum
1714 1050 1866 1107 amborum

163 1136 248 1209 qnasi
265 1134 422 1208 praecinctu
441 1133 572 1188 [lentium
584 1137 670 1205 atque
681 1133 842 1188 dedentium
855 1134 986 1191 contusio
1041 1134 1153 1189 moritis
1171 1135 1308 1207 insignia.
1326 1135 1380 1189 Sed
1398 1134 1441 1190 vel
1457 1142 1575 1208 prepter
1600 1137 1786 1210 irruptiones
1807 1139 1865 1195 bae

163 1228 265 1284 ordine-
281 1225 427 1280 rnicnisse.
445 1225 487 1279 lta
501 1223 692 1295 patentium
705 1227 791 1295 aitque
802 1224 986 1295 sequentium
1041 1223 1145 1277 barnm
1159 1223 1302 1295 gentium,
1319 1223 1361 1278 vel
1378 1229 1454 1279 certe
1472 1230 1588 1296 propter
1603 1225 1786 1299 scriptorum
1807 1227 1865 1284 ine-

163 1317 279 1390 agmine
295 1330 389 1387 nsque
405 1314 440 1368 ad
458 1312 554 1368 locum
576 1313 701 1385 sepulcri
728 1330 833 1385 cerpus
858 1313 987 1369 defertur
1042 1310 1199 1382 piarn,sine
1216 1311 1304 1366 dubio
1321 1318 1391 1367 sunt
1406 1313 1657 1383 praeterinissavel
1668 1314 1865 1385 perdita.Cnm

162 1406 306 1469 exanime,
323 1408 352 1459 et
366 1403 396 1458 in
412 1421 445 1457 eo
461 1402 522 1456 laen
538 1419 595 1473 «qun
611 1419 677 1458 euni
706 1402 894 1474 [tradiximus
910 1403 986 1458 licati
1040 1400 1128 1456 etiam
1154 1400 1228 1455 lianc
1254 1402 1422 1456 noverimus
1448 1402 1548 1457 urbem
1575 1403 1611 1458 ob
1638 1402 1865 1461 inhabitantium

156 1495 237 1551 Petri
252 1490 451 1565 apostolorum
469 1488 609 1561 principis
621 1488 730 1544 licitere
741 1493 768 1543 et
778 1488 882 1545 meritc
893 1487 988 1544 llcele-
1041 1490 1246 1545 erun-mitatem
1262 1489 1417 1562 scelerum,
1428 1490 1517 1546 simul
1528 1508 1596 1547 enm
1608 1491 1698 1547 rebus
1708 1492 1865 1551 Wandalo-

161 1584 235 1641 siam
251 1581 412 1646 dedicasse,
429 1576 601 1650 dignissime
615 1577 742 1633 traditur
761 1576 985 1649 sepulturae.Ubi
1041 1596 1106 1634 runi
1124 1583 1267 1635 vastatam
1283 1578 1484 1652 persecutione
1506 1578 1673 1637 crudelium
1690 1598 1724 1637 ac
1739 1588 1865 1656 postmo-

160 1672 238 1729 euim
253 1675 295 1727 tot
310 1668 504 1726 certaminum
520 1670 548 1722 et
571 1665 705 1722 laborum
731 1670 987 1722 consummaverat
1041 1667 1112 1723 dum
1129 1668 1242 1741 ardiqni
1258 1668 1353 1724 hostis
1368 1668 1484 1725 insidiis
1506 1670 1655 1726 atrocibus
1680 1670 1863 1731 flammeam

160 1778 291 1827 cursum,
307 1760 347 1814 ibi
367 1756 491 1814 Domino
517 1756 690 1827 disponente
717 1755 846 1810 debitam
872 1755 984 1828 corpori
1042 1757 1185 1812 incendiis
1202 1761 1428 1814 concrematam.

158 1850 251 1907 voluit
266 1849 372 1904 habere
392 1844 586 1917 sepulturam.
602 1846 693 1910 Quem
718 1842 851 1899 videlicet
874 1843 982 1914 locum,
1075 1847 1133 1902 Hoc
1150 1851 1247 1902 tamen
1265 1852 1379 1902 nonest
1393 1847 1508 1904 silentio
1522 1847 1774 1921 supprimendum
1789 1851 1859 1925 qued

160 1937 274 1995 meritis
288 1938 352 2009 ejus
368 1933 582 2000 obtinentibus
599 1937 717 1987 extunc
733 1936 761 1986 et
775 1933 862 1988 modo
886 1932 984 1989 divina
1038 1936 1291 2009 orequorumdom
1302 1932 1859 1997 nobisssdeliterestrelatumddartinns

159 2031 290 2102 potestas
305 2025 340 2081 ad
357 2024 474 2079 laudem
489 2026 518 2077 et
532 2020 655 2095 gloriam
672 2022 716 2075 sui
738 2021 865 2076 nominis
891 2020 983 2094 signis
1038 2025 1223 2079 Turonorum
1239 2028 1359 2080 sanctus
1375 2024 1530 2097 episcopus
1543 2028 1603 2082 tuto
1619 2027 1702 2097 orbe,
1718 2032 1753 2083 ut
1767 2032 1858 2087 notum

161 2123 190 2175 et
203 2114 361 2171 virtutibus
387 2110 525 2177 illustrat,
542 2114 575 2164 ut
598 2110 770 2165 ostendatur
794 2113 937 2181 (lucratum
954 2111 983 2166 in
1038 2118 1092 2179 est,
1101 2111 1435 2178 saniosissimum,bcat0
1447 2112 1605 2170 Maximino
1619 2115 1809 2175 Trevirorum
1817 2135 1857 2175 aa·

160 2208 317 2278 conspectu
337 2205 448 2258 aterne
473 2199 614 2255 claritatis
639 2196 669 2253 ia
693 2198 773 2254 caulis
797 2199 917 2272 fulgeat,
932 2201 982 2274 qui
1037 2200 1120 2257 tistiti
1136 2202 1296 2257 admodum
1311 2201 1405 2258 suerat
1414 2201 1677 2274 familiarissimus,
1691 2205 1733 2262 ita
1749 2210 1855 2281 utsaepe

159 2288 633 2363 tantarumquotidievirtnlumin
646 2294 801 2360 conspectu
814 2289 982 2345 mortalium
1037 2289 1149 2347 collutis
1165 2291 1331 2346 fruerentur
1346 2290 1491 2364 alloquiis,
1503 2295 1532 2348 ct
1542 2292 1664 2348 beatum
1681 2295 1802 2353 Petrum
1812 2296 1855 2353 llo·

160 2382 353 2441 admiratione
367 2381 511 2434 coruscat.
528 2376 618 2448 Cujus
641 2376 744 2432 merda
768 2376 894 2449 gloriosa
919 2396 982 2448 aes,
1037 2396 1116 2435 mam
1136 2380 1246 2452 pmiter
1269 2379 1388 2448 adituri,
1404 2380 1519 2436 mutuis
1542 2380 1644 2437 viatim
1672 2382 1856 2442 inniterentur

159 2472 210 2547 qui
224 2487 291 2527 oves
306 2472 335 2525 et
348 2484 418 2541 grex
433 2467 496 2538 ejus
513 2483 704 2534 sumus,cum
715 2465 820 2521 humili
832 2467 983 2523 ‹levetione
1036 2467 1715 2541 colloquiissseatusigiturblartinuscommuni
1725 2472 1855 2547 disposite

158 2560 255 2619 debito
270 2558 381 2614 honore
393 2572 575 2624 veneremur,
586 2558 618 2610 ut
629 2553 722 2626 ipsius
733 2555 982 2612 intercedentibus
1036 2558 1163 2630 quodam
1179 2561 1308 2629 tempore
1323 2556 1352 2612 id
1370 2561 1502 2626 aeturus,
1519 2559 1683 2617 oratorium
1694 2561 1773 2618 beati
1784 2562 1854 2621 llan-

157 2649 274 2707 meritis
289 2648 353 2704 sine
370 2647 426 2701 sinc
441 2661 509 2700 cum
525 2662 558 2700 eo
573 2645 701 2717 gaanderc
716 2645 981 2700 mci·eamur.Nunc
1036 2645 1112 2702 sueti
1127 2646 1162 2701 ad
1179 2647 1256 2717 quod
1273 2645 1469 2703 declinaverat
1483 2646 1613 2704 divinam
1624 2650 1853 2709 exoraturusole·

155 2754 283 2814 quoque,
301 2736 371 2810 qnia
383 2735 446 2791 vitm
461 2738 489 2790 ot
504 2732 701 2790 conversionis
716 2735 780 2806 ejus
796 2733 825 2788 in
842 2751 929 2789 carne
944 2734 980 2790 de
1036 2734 1186 2804 mentiam,
1214 2735 1335 2790 devotus
1360 2738 1392 2790 ut
1415 2738 1486 2803 erat,
1509 2736 1776 2810 ingreditur30u1n
1797 2758 1854 2798 ecco

153 2828 250 2903 gentis
265 2844 300 2883 cx
313 2828 395 2900 purte
410 2825 497 2880 finem
513 2824 696 2895 agnovimus,
713 2822 779 2894 quis
805 2824 869 2895 cJus
892 2823 981 2879 luerit
1035 2828 1152 2896 repente
1166 2824 1322 2895 cujusdam
1342 2824 1575 2881 sanctimonialis
1598 2825 1725 2899 spiritus
1748 2827 1849 2903 puella,

153 2933 306 2977 successor
320 2914 527 2986 compendiosa
538 2912 678 2968 irrecitate
688 2911 756 2967 huic
766 2913 923 2969 narrationi
936 2913 979 2968 in·
1035 2912 1120 2985 cujus
1136 2930 1241 2985 eorpus
1257 2930 1315 2967 nen
1328 2911 1412 2986 lenge
1422 2917 1488 2969 ante
1497 2913 1847 2986 sepultumeolociiuerst,

154 3023 249 3063 serere
264 3004 386 3077 dignum
399 3002 609 3074 judicavimus.
1034 3000 1166 3073 repetitis
1181 3001 1300 3056 vocibus
1316 3003 1409 3057 saneti
1423 3000 1477 3056 viri
1494 3019 1599 3059 nomen
1615 3021 1651 3061 cx
1666 3005 1800 3080 sepulcro
1810 3006 1849 3063 iu·

463 3089 580 3145 earm
599 3089 670 3144 XlV.
1034 3090 1173 3161 geminat.
1190 3090 1281 3162 Cujus
1292 3090 1427 3163 precibus
1439 3107 1505 3146 cum
1516 3092 1676 3150 virbeatus
1686 3092 1850 3163 intenderet,

153 3184 191 3239 lle
204 3190 295 3238 sarecto
308 3180 408 3235 timone
423 3180 497 3234 aeae
512 3180 572 3233 viee
588 3180 617 3232 t'a
637 3180 790 3250 episopum
811 3181 975 3237 antecedente.
992 3164 1013 3230 C
1033 3179 1166 3251 protinus
1182 3179 1232 3234 illa
1243 3179 1435 3252 subsequitur
1447 3197 1453 3234 ε
1466 3179 1851 3259 Sanctissimc,inquit,pca·

190 3272 259 3327 Post
272 3269 431 3343 gloriosum
446 3266 523 3323 beati
538 3267 682 3321 blansueti
696 3267 878 3339 lrujusurbis
889 3270 975 3342 primi
1034 3266 1110 3332 tit'en,
1129 3268 1199 3323 eaelo
1227 3268 1370 3341 terrisque
1394 3273 1568 3341 prepotens,
1586 3269 1695 3327 anime
1719 3272 1850 3331 miserere

152 3359 301 3434 pontilicis
316 3374 350 3413 ex
365 3357 418 3412 hoc
434 3357 545 3410 munde
560 3355 596 3409 ad
612 3355 699 3410 coeltis
716 3355 884 3423 transitum,
901 3357 977 3414 sicut

151 3448 183 3506 in
193 3447 283 3521 gestis
297 3445 524 3520 praecedentium
541 3445 702 3499 Leucorum
719 3444 800 3500 urbis
811 3445 975 3511 airtistitum

151 3536 309 3605 invenitur,
326 3539 447 3592 sanctus
462 3551 495 3589 ac
510 3532 700 3589 beatissimus
722 3535 826 3601 Amen,
844 3534 893 3590 Dei
909 3553 974 3608 pro·

149 3627 265 3686 vidente
281 3623 446 3689 clementia,
463 3621 493 3677 in
511 3622 564 3679 linc
580 3623 649 3678 sede
664 3624 812 3678 communi
829 3625 975 3683 universo·

148 3734 216 3775 rum
229 3720 295 3773 voto
309 3717 397 3787 atque
408 3729 552 3769 consensu
565 3710 717 3768 ordinatus
728 3713 972 3785 episcopus,beati

147 3805 200 3863 viri
214 3822 366 3863 successor
376 3804 495 3859 effectus
506 3819 512 3870 ;
525 3802 574 3874 qni
587 3802 809 3872 praedecessoris
820 3804 864 3857 sui
877 3820 973 3860 mores

146 3899 176 3953 et
189 3894 326 3951 instituta
345 3894 381 3949 ad
407 3908 536 3963 unguem
561 3895 726 3957 essecutus,
744 3907 802 3946 non
825 3891 902 3947 valet
925 3910 972 3949 ex-

146 3984 249 4056 plicari
265 3987 381 4056 quantae
398 3980 537 4036 bonitatis
564 3984 592 4035 et
617 3979 781 4035 sanctitatis
803 3980 891 4035 suerit
905 3999 971 4053 cpe·

146 4071 230 4127 ribus
240 4070 457 4143 comprobatus.
465 4070 517 4124 ilic
528 4086 655 4140 namque
666 4068 865 4140 panitincatem
877 4070 971 4142 digni-

146 4162 237 4215 tatem
253 4157 283 4213 in
300 4163 406 4213 cuncta
420 4174 535 4211 morum
553 4157 705 4212 borrcstate
721 4174 970 4229 exsuperansmon

147 4245 244 4305 solum
255 4244 533 4316 verbisetexemplis
547 4246 709 4315 subjectam
726 4246 838 4318 plebem
850 4247 972 4303 circum-

148 4351 265 4409 quaque
281 4334 479 4405 competenter
498 4331 634 4400 excoluit,
650 4336 700 4389 sed
727 4336 813 4391 ctiam
840 4335 922 4392 miris
939 4354 971 4392 ac

147 4425 314 4498 magnitleis
342 4422 499 4478 virtutibus
529 4421 696 4478 illustravit.
712 4423 765 4489 Oui
789 4425 829 4479 sic
855 4442 971 4497 qnoque

1031 3356 1148 3427 sepulti.
1165 3357 1275 3430 Corpus
1291 3357 1410 3429 quidem
1422 3357 1470 3413 hie
1480 3357 1589 3430 tegitur
1599 3360 1699 3429 terris,
1711 3362 1760 3417 sed
1770 3362 1849 3435 spiri·

1031 3450 1080 3502 tus
1104 3445 1199 3501 adbuc
1227 3450 1361 3502 versatur
1387 3447 1417 3501 in
1448 3445 1684 3519 pmuis3adhihe
1714 3450 1744 3507 ia
1772 3451 1850 3509 auxi·

1030 3533 1103 3589 lium
1120 3534 1299 3591 sanctissimi
1315 3534 1459 3591 blansucti
1484 3540 1513 3591 et
1535 3539 1620 3593 tunm
1645 3539 1847 3610 patrocinium,

1029 3623 1163 3695 hancque
1178 3622 1319 3679 salvatam
1335 3624 1503 3692 credideris,
1519 3641 1587 3681 cnm
1599 3642 1848 3697 reversus,vocen

1028 3731 1085 3769 non
1097 3712 1225 3769 audieris
1237 3712 1440 3784 supplicantis.
1454 3713 1526 3769 llinc
1536 3712 1584 3769 ille
1595 3714 1848 3794 abiens,itsrqnotl

1028 3806 1154 3873 empserat
1164 3801 1341 3873 aggreditur,
1354 3801 1461 3873 petenti
1476 3801 1620 3874 precipue
1633 3804 1796 3865 subvenire
1804 3805 1850 3865 sol·

1028 3889 1848 3961 licitus.intereatotoconlectoilloitinere,cumrediens‚

1026 3977 1141 4051 glebam
1159 3978 1321 4034 beatissimi
1348 3979 1502 4049 Mansueti,
1519 3984 1552 4035 nt
1576 3985 1639 4036 crat
1664 3982 1786 4055 solitus,
1800 4000 1849 4043 nen

1027 4065 1322 4139 praeteriret-,etsigna
1335 4068 1460 4138 petentis
1473 4068 1688 4145 deiunctaejam
1700 4072 1786 4129 nulla
1795 4090 1851 4148 per

1026 4154 1161 4227 cepisset,
1178 4156 1288 4228 gratias
1304 4155 1445 4212 Salvateri
1461 4156 1687 4230 persolvit,quia
1701 4162 1852 4237 utriusque

1028 4244 1190 4299 interventu
1207 4244 1348 4300 salvatam
1364 4246 1490 4318 agnovit.
1507 4246 1572 4302 Hac
1583 4248 1664 4303 enim
1677 4250 1778 4322 perire
1790 4269 1851 4326 que

1026 4334 1112 4389 medo
1128 4337 1249 4405 poterat,
1262 4334 1307 4389 cui
1326 4334 1398 4390 tales
1415 4334 1624 4392 intercessores
1639 4336 1794 4397 immensa
1807 4336 1849 4397 Dei

1026 4421 1224 4479 misericordia
1253 4422 1437 4479 contulerat?
1461 4423 1511 4480 llis
1534 4424 1575 4479 ita
1599 4426 1705 4499 gestis,
1724 4424 1846 4501 quiaatl

146 4529 214 4571 cum
230 4514 312 4570 daret
328 4513 357 4567 in
373 4510 617 4567 celebrationibus
627 4510 763 4575 decusat
773 4517 889 4568 ornaret
901 4518 971 4570 tem-
987 4532 1008 4596 p)
1025 4512 1081 4568 ulia
1093 4511 1251 4578 tendimus,
1270 4511 1299 4567 in
1314 4511 1361 4568 his
1376 4530 1492 4585 aptatique
1505 4531 1557 4586 pro
1572 4518 1638 4570 voto
1654 4516 1748 4573 tinem
1765 4516 1844 4576 sacia·

146 4619 228 4676 pora,
245 4607 278 4658 ut
301 4601 444 4674 scriptum
469 4603 514 4655 cst
536 4600 629 4671 (sectr.
646 4617 731 4667 xmn,
750 4602 805 4672 12),
823 4604 967 4674 usquead

145 4691 431 4748 consummationem
446 4687 520 4757 vita,
538 4688 676 4744 recedens
691 4689 727 4743 ab
744 4689 798 4744 hec
820 4690 924 4746 saecuto
939 4690 967 4746 in

1024 4618 1101 4657 mus.

1061 4690 1118 4745 lloc
1132 4690 1220 4744 etiam
1235 4706 1292 4744 non
1307 4690 1425 4762 indigne
1440 4690 1550 4763 placuit
1566 4692 1842 4770 inserendum,qnotl

143 4781 281 4851 oratorio,
296 4780 373 4853 quod
390 4777 526 4850 superius
538 4776 665 4833 diximus
676 4777 753 4833 beati
767 4778 840 4833 Petri
853 4784 967 4851 aposto·
1023 4777 1168 4850 frequenti
1183 4778 1350 4834 testimonie
1365 4779 1518 4852 vulgatum
1535 4780 1632 4837 adhuc
1642 4779 1843 4840 intermanet·

141 4869 238 4927 lorum
255 4869 396 4942 principis
412 4868 520 4923 honore
536 4885 554 4923 a
569 4872 671 4923 sancto
686 4866 747 4923 vire
762 4868 968 4924 studiesccon-
1023 4870 1104 4922 satur
1119 4865 1323 4939 plurimorum.
1339 4869 1379 4922 Ex
1395 4868 1600 4925 transmarinis
1616 4870 1775 4929 Scotorum
1785 4870 1841 4929 lini·

140 4957 479 5026 structum,cu1neodem
492 4957 703 5028 predecessore
715 4973 768 5012 sno
779 4958 971 5024 timidissimo,
1020 4956 1088 5024 bus,
1105 4956 1158 5012 tras
1173 4961 1272 5028 partes
1288 4957 1378 5012 moris
1394 4961 1457 5012 crat
1470 4958 1615 5030 expetisse
1630 4958 1841 5030 multorumia·

141 5048 286 5119 condigne
294 5046 730 5119 traditusestscpultura.tlnde
741 5064 857 5120 (quoque
868 5048 965 5103 ambo
1020 5049 1064 5101 ter
1078 5061 1152 5118 qnos
1168 5062 1201 5101 eo
1218 5051 1349 5119 tempere
1361 5045 1408 5117 rip
1424 5047 1552 5118 quadam
1568 5063 1682 5119 pauper
1695 5066 1766 5106 cum
1781 5066 1840 5107 coa·

137 5153 204 5193 rum
220 5137 333 5192 meritis
348 5143 377 5192 et
392 5135 652 5191 intercessionitms
668 5136 704 5191 ad
730 5135 846 5192 laudeni
872 5135 961 5191 (livini
1013 5136 1085 5207 juge
1096 5135 1204 5189 dicitur
1214 5133 1373 5190 accessisse
1384 5153 1390 5197 ;
1401 5136 1516 5207 antiqui
1528 5135 1608 5191 enirn
1620 5139 1766 5211 temporis
1776 5136 1841 5196 mul·

139 5225 268 5281 ntnrrinis
285 5226 362 5280 itlein
378 5225 460 5279 laicus
475 5242 550 5280 cneo
566 5230 695 5296 ternpore
708 5225 872 5297 niagniticis
883 5226 963 5280 vine

138 5318 184 5371 est
199 5313 350 5371 miraculis
365 5312 520 5381 effulsisse,
532 5331 599 5368 curn
611 5312 722 5369 scilieet
732 5331 872 5370 camerina
886 5314 960 5370 anuli

139 5401 278 5458 diuturna
294 5402 418 5475 caligine
433 5402 538 5472 pressi,
554 5406 669 5472 epmanr
689 5402 818 5475 expulsis
834 5404 962 5460 tenebris

138 5487 407 5559 lucem,variarnn1
424 5493 504 5563 peste
520 5488 647 5544 cladium
674 5489 845 5561 languentes
870 5491 959 5560 exuti,

138 5579 270 5635 attractis
286 5596 402 5651 quoquc
418 5578 513 5635 nervis
529 5576 627 5649 plures
641 5586 774 5650 repentes
788 5581 881 5644 lnnni.
895 5600 960 5638 nee-

1017 5227 1062 5278 tos
1080 5226 1156 5277 t'nrna
1170 5223 1295 5279 excierat
1311 5242 1368 5278 strar
1384 5224 1480 5295 grentis
1495 5224 1590 5279 virum
1607 5228 1838 5284 sanctissimum.

1017 5312 1193 5385 Scottigenis
1210 5330 1328 5386 peregre
1344 5314 1428 5369 solite
1448 5314 1637 5381 alreuntibus,
1655 5317 1839 5387 potissimum

1016 5402 1222 5473 expetendum.
1246 5401 1328 5456 Unde
1351 5401 1397 5456 liic
1423 5402 1570 5470 conscius,
1589 5406 1622 5458 ut
1646 5421 1749 5461 rumor
1772 5408 1836 5469 erat,

1016 5491 1125 5546 artioris
1142 5495 1169 5545 ct
1181 5488 1291 5561 gratia,
1309 5506 1365 5544 rien
1382 5489 1467 5563 longe
1481 5491 1517 5547 ab
1533 5491 1594 5547 rede
1609 5490 1688 5547 beati
1700 5492 1754 5549 viri
1772 5493 1837 5567 poti·

1015 5586 1064 5636 tus
1072 5578 1198 5652 hospitio
1208 5576 1339 5635 voluerat
1348 5579 1592 5638 mansitaretluic
1604 5581 1634 5638 in
1643 5581 1732 5639 rebus
1743 5583 1835 5640 dome·
