3892 6082
110 311 174 383 cat
742 310 793 373 nn
814 310 907 371 vna
928 310 963 370 s
986 311 1216 375 saacnann.
1779 320 1838 380 aaa

109 444 215 536 'multa
229 440 357 500 catastis
372 440 505 496 beneficii
527 442 726 500 emolumenta
749 440 866 517 populis
891 441 947 511 im·
963 446 990 514 Α
1005 443 1087 513 adiit,
1105 450 1195 518 atquo
1211 445 1269 501 sibi
1284 445 1322 501 ad
1339 446 1416 501 bona
1430 451 1497 503 vota
1511 448 1699 503 consortibus
1709 449 1779 503 viris
1789 449 1840 506 Dei

108 529 265 615 'madebat
281 548 288 586 :
305 530 417 587 sanitas
432 546 601 603 corporum,
618 531 743 602 salutem
767 531 948 588 animarum.
973 528 978 548 ³
1005 533 1842 610 amoroserventibusLeodegarioetMammulenecpisco·

112 625 298 682 Francorum
315 635 429 693 quoque
454 619 573 693 regibus
598 620 712 677 diverso
737 624 868 693 tempore
891 619 949 676 sibi
1005 621 1221 696 pis,Amalrico
1234 639 1354 696 quoque
1368 624 1398 678 et
1410 622 1550 680 Wllaudo
1567 617 1842 699 optimatibusim·

111 709 346 770 succedentibus
361 724 394 764 ae
409 705 512 780 palatii
526 709 721 781 optimatibus
731 709 773 764 ita
788 709 817 764 in
833 709 950 765 eunctis
1005 710 1133 785 patravit
1148 728 1165 767 a
1181 727 1248 784 rege
1264 709 1416 768 licentiam
1432 712 1598 768 aedificandi
1621 707 1676 769 sibi
1692 700 1840 770 incedam

109 805 177 867 erat
193 798 333 865 affabilis,
350 800 499 852 uteorum
516 814 588 853 usus
603 816 654 870 pro
673 801 740 853 voto
765 797 949 854 familiarita-
1005 799 1068 854 loco
1084 799 1250 868 basilicam,
1267 816 1358 873 quam
1375 801 1405 855 B.
1424 800 1541 857 Martini
1559 801 1590 857 in
1605 802 1715 859 bonore
1736 783 1841 859 eonse-

110 893 205 960 tibus,
222 906 288 962 quae
304 885 469 943 intenderet
483 885 572 942 citius
593 887 749 955 obtineret,
771 889 800 942 et
822 887 852 942 in
868 904 952 943 cons·
1006 891 1119 944 eratum
1131 889 1290 961 pradictus
1306 906 1356 944 rex
1364 889 1547 964 childericus
1562 881 1792 965 circumquaque
1804 893 1840 948 ab

108 970 487 1041 l'ruendisservorum'llci·
505 974 685 1031 habitaculis
710 979 847 1048 sumptus
871 976 896 1032 ei
923 979 953 1032 et
1005 976 1137 1034 Ecclesia
1152 978 1231 1034 silvae
1255 977 1340 1035 leuca
1360 996 1419 1034 una
1443 978 1571 1051 benigne
1591 980 1719 1037 donavit.
1736 982 1841 1039 Beatus

105 1058 210 1145 copias
223 1058 328 1124 eorum
344 1063 467 1137 largitas
483 1063 607 1136 pleniter
623 1063 819 1122 ministraret.
838 1066 951 1139 Siquis
1004 1083 1073 1123 vere
1089 1067 1264 1123 Barcharius
1282 1067 1437 1140 aequabis
1451 1067 1768 1137 contentus,ecllulam
1784 1070 1840 1127 sibi

107 1160 157 1223 his
170 1157 314 1214 haesitans
331 1155 405 1209 lecte
420 1159 519 1210 manet
540 1153 726 1228 incredulus,
739 1155 871 1227 praedicti
895 1155 950 1211 loci
1002 1157 1090 1230 juxta
1102 1155 1199 1213 locum
1216 1157 1268 1231 qui
1284 1156 1396 1212 dicitnr
1411 1154 1562 1228 Puteolus,
1581 1176 1615 1214 ea
1631 1159 1660 1213 in
1676 1163 1758 1232 parte
1778 1176 1841 1236 qum

109 1248 238 1309 miretur
262 1243 383 1310 muenia,
408 1242 530 1314 aspiciat
554 1241 689 1310 edificia,
706 1242 865 1315 perlustret
887 1243 952 1299 dili·
1006 1263 1085 1302 nunc
1107 1246 1351 1302 monasteriolum
1375 1245 1433 1320 (34)
1448 1245 1569 1318 dicitur,
1587 1249 1623 1303 ad
1650 1246 1791 1304 honorem
1808 1249 1839 1303 B.

109 1341 216 1417 genter
231 1350 325 1408 opera
340 1350 347 1388 :
364 1331 477 1405 patebit
492 1331 566 1388 scire
581 1331 714 1405 cupienti
734 1332 838 1406 quanti
864 1333 953 1390 luerit
1006 1334 1142 1403 Mauricii
1157 1334 1299 1407 condidit,
1316 1351 1440 1408 sperans
1455 1338 1560 1408 aptum
1581 1353 1613 1393 se
1628 1337 1841 1394 monasterium

111 1424 222 1495 meriti,
239 1441 295 1498 per
309 1438 399 1497 quem
413 1419 556 1482 Dominus
571 1423 656 1480 tanta
671 1437 705 1480 ae
720 1419 791 1479 talia
810 1421 952 1498 dignatus
1006 1422 1171 1494 aedificandi
1185 1422 1284 1481 locum
1300 1421 1455 1496 reperisse.
1472 1423 1584 1481 Verum
1596 1441 1665 1482 cum
1680 1424 1734 1482 boc
1751 1426 1840 1483 etiam

107 1515 154 1592 ‚sit
168 1511 298 1589 operari.
1006 1513 1063 1569 sibi
1078 1511 1177 1571 habile
1196 1529 1256 1570 non
1280 1513 1439 1583 videratur,
1465 1529 1559 1588 super
1582 1513 1704 1571 llnvium
1729 1515 1840 1588 Vigcrsa

116 1599 123 1606 ’
232 1601 412 1660 Parthenone
427 1603 457 1657 ia
472 1599 545 1657 eada
561 1601 694 1661 llerrerret¹
706 1599 832 1673 edificat.
1007 1600 1046 1674 (le
1059 1602 1162 1667 riuitre
1175 1602 1208 1659 de
1223 1603 1319 1676 Voyre)
1343 1601 1506 1675 quamdam
1526 1601 1680 1676 ecclesiam
1695 1605 1725 1662 S.
1742 1603 1839 1677 Sulpi·

150 1692 307 1753 intebea
322 1690 415 1764 igitur
430 1694 488 1746 tam
499 1685 789 1763 exterioribusquam
808 1690 953 1759 interiori·
1007 1691 1041 1754 tii
1057 1692 1161 1749 honori
1177 1691 1294 1748 dicavit.
1309 1691 1410 1764 Neque
1425 1689 1467 1747 ibi
1484 1691 1574 1749 etiam
1590 1696 1699 1749 statum
1715 1692 1839 1750 caenobii

115 1786 175 1842 bus
187 1773 337 1857 predicti
348 1778 563 1838 Altivilarenais
578 1779 703 1837 coenobii
720 1781 884 1836 secundum
901 1779 952 1836 Dei
970 1787 1111 1890 Baptum
1127 1783 1186 1839 lere
1202 1782 1324 1849 ducens,
1341 1783 1440 1836 moute
1455 1780 1589 1855 pervigili
1607 1761 1640 1838 nt
1660 1783 1777 1855 sapiens
1792 1798 1837 1838 ar-

96 1872 235 1946 sscultum
253 1867 416 1927 honorifice
433 1868 588 1937 ordinatis,
598 1867 764 1941 jamdictus
785 1868 869 1925 Pater
884 1867 953 1924 ller-
1009 1869 1234 1940 obitectus,eum
1251 1868 1301 1944 qui
1317 1867 1487 1942 patentibus
1499 1871 1644 1944 coadesse
1655 1870 1837 1945 comprobat,

103 1962 245 2023 'eburius
256 1973 403 2032 corporea
419 1957 706 2030 quietisimpatieas,
719 1953 954 2030 opportunasibi
1009 1958 1078 2016 dara
1093 1961 1169 2016 votis
1184 1976 1315 2034 congrua
1329 1956 1395 2014 loca
1410 1960 1561 2030 poscebat.

116 2045 956 2148 loctlufflflffllldiglalisslerquileb,ssl·bbil1d⁰¹11¹qu0
1009 2066 1170 2126 monasterio
1185 2044 1323 2125 condendo
1339 2066 1429 2122 locam
1444 2067 1560 2141 inuenit,
1576 2086 1637 2143 repe
1648 2069 1736 2128 locam
1751 2085 1841 2126 coare·

121 2156 274 2216 egressus,
291 2137 343 2194 Det
360 2150 481 2192 munere
505 2141 713 2208 precurrente,
727 2141 843 2193 vastam
859 2133 956 2191 saltas
1383 2133 1471 2195 darre.

119 2227 280 2291 Dervensis
292 2223 484 2290 solitudinem
494 2229 591 2297 petere
601 2225 832 2307 contendit:quo
849 2224 879 2280 in
890 2223 956 2280 loco
1047 2228 1841 2304 tltouodamigiturtcmporccumjamdivinaelemen·

120 2337 181 2396 qua
195 2321 319 2376 venerat
334 2312 506 2371 intentionis
513 2330 571 2370 non
580 2313 852 2388 immemor,aptum
864 2313 957 2397 aedili·
1012 2318 1052 2374 tia
1068 2317 1194 2375 ulterius
1209 2313 1382 2375 famulantis
1397 2316 1840 2392 animumperdiversadistrahi

121 2409 209 2468 candi
221 2403 349 2464 caenobii
359 2406 472 2459 statum
483 2401 663 2484 invigilando
674 2402 797 2460 sollicita
807 2401 959 2459 scrutaba-
1012 2406 1118 2475 nollet,
1139 2404 1389 2480 praecurrentibus
1409 2405 1528 2465 indiciis
1547 2407 1646 2465 locum
1667 2408 1744 2467 votis
1771 2424 1840 2466 con·
1882 2407 1885 2410 ’

121 2497 252 2557 tuellas
263 2493 356 2568 igitur
368 2489 813 2566 intereogitandum,lleigratia
823 2491 959 2564 praeduoe
1007 2511 1121 2570 ¹gruum
1133 2496 1169 2554 iri
1185 2499 1334 2570 repertum
1345 2494 1435 2551 dedit.
1445 2496 1520 2553 Nam
1536 2496 1725 2556 abditasilvrs
1741 2495 1840 2571 paclus

123 2581 254 2647 contulit
269 2600 301 2640 se
316 2581 354 2640 ad
370 2579 530 2654 quamdam
539 2584 715 2660 matronam,
727 2580 898 2639 Waltildem
909 2597 960 2638 no-
1012 2590 1180 2653 transeam
1189 2584 1348 2658 quemdam
1359 2585 1396 2640 ad
1407 2582 1506 2641 locum
1515 2585 1639 2654 devenit,
1649 2585 1697 2643 ubi
1709 2590 1841 2660 pastores

124 2677 286 2749 miraque
302 2671 430 2744 superbo
441 2666 958 2745 nobilitatasanguine,plurimorum
1013 2674 1154 2730 subulcos
1169 2674 1295 2746 reperit:
1313 2689 1387 2746 qnos
1407 2672 1515 2731 blande
1529 2673 1684 2745 allocutus,
1700 2673 1841 2746 aureique

125 2784 144 2837 a
158 2763 276 2840 proavis
292 2759 491 2834 predioruum
506 2757 658 2839 affluerrtia
672 2758 827 2816 laetabatur
843 2775 850 2814 :
867 2777 884 2817 a
900 2776 960 2832 qua
1013 2762 1080 2820 illes
1094 2763 1286 2820 numismatis
1302 2779 1423 2820 munere
1438 2763 1562 2832 donans,
1579 2763 1713 2836 poposcit
1726 2759 1840 2820 ostendi

125 2855 173 2917 vir
195 2854 319 2910 sanctus
343 2845 472 2906 condicti
495 2846 579 2920 pretii
595 2847 670 2904 deno
685 2848 758 2906 emit
772 2848 829 2905 sibi
846 2853 959 2930 partem
1013 2852 1070 2909 sibi
1086 2870 1150 2926 qua
1166 2852 1310 2910 habiliora
1320 2850 1480 2924 aliquando
1491 2851 1579 2909 silvas
1586 2850 1796 2909 circumcundo
1804 2850 1841 2907 ad

129 2943 223 3008 silvae,
239 2957 308 2998 eum
324 2935 438 2994 scilicet
452 2934 549 2992 locum
565 2937 615 3008 qui
626 2936 734 2993 dicitur
747 2937 834 3011 vulgo
845 2938 960 3011 Mangis
1013 2940 1209 2998 habitandum
1223 2940 1288 2999 loca
1303 2941 1509 3016 pervidissent,
1520 2942 1621 2999 dicens
1636 2940 1693 2998 sibi
1709 2941 1841 2998 animum

128 3032 234 3090 villare
250 3046 258 3085 :
275 3028 375 3100 ibique
389 3023 526 3082 cellulam
541 3024 598 3096 (32)
613 3025 770 3097 aedificans,
786 3043 911 3100 eamque
927 3027 958 3083 B.
1013 3047 1088 3100 esse,
1103 3030 1147 3086 nti
1161 3047 1290 3105 congruo
1306 3029 1459 3088 babitandi
1471 3029 1535 3088 leco
1551 3029 1739 3105 exstirpando
1754 3029 1842 3089 silvas

130 3121 232 3185 uaria
246 3118 282 3174 ad
298 3117 440 3175 honorem
455 3130 640 3184 consecrans,
663 3114 829 3187 puellarum
852 3120 959 3171 coetum
1014 3118 1228 3176 coenobitarnm
1245 3117 1434 3178 tabernacula
1449 3119 1617 3194 designaret
1633 3135 1641 3176 z
1667 3135 1699 3176 se
1723 3117 1842 3193 quidem

121 3202 193 3271 'Deo
209 3206 357 3279 matrique
372 3203 596 3270 serviturarum,
612 3209 698 3277 prout
714 3221 799 3277 posse
814 3205 880 3274 snit,
898 3203 961 3261 dili·
976 3193 998 3263 G
1016 3207 1335 3277 diversatentasse,sed
1352 3206 1432 3264 nulle
1443 3204 1843 3281 penituslecocommaneudi

131 3296 308 3377 gentissime
322 3291 501 3369 aggregavit.
517 3293 590 3349 Nam
612 3293 688 3350 nam
704 3293 852 3367 publicam
874 3293 961 3367 vulgo
983 3289 986 3295 ’
1015 3295 1185 3353 habitacula
1199 3296 1259 3353 lida
1274 3289 1431 3353 invenisse.
1449 3299 1486 3355 At
1505 3297 1547 3357 illi
1572 3297 1691 3370 praemiu
1713 3301 1842 3369 accepto,

132 3385 293 3446 Cantillam
309 3383 418 3441 dictam
434 3382 676 3455 expetens,pretio
691 3382 963 3456 apratereuntlbus
1017 3384 1127 3442 talibus
1138 3386 1229 3442 animi
1240 3385 1314 3443 votis
1325 3390 1426 3442 sancto
1439 3385 1501 3443 viro
1512 3388 1702 3460 respondeat:
1718 3386 1845 3458 Nosqui·

124 3469 269 3550 'suscepit
282 3471 413 3547 captivas
428 3469 542 3545 puellas
554 3475 629 3539 octe,
644 3489 717 3546 quas
732 3472 763 3528 in
778 3477 881 3529 saneta
896 3471 962 3528 rcli-
1018 3474 1168 3533 demeum
1183 3475 1257 3533 fides
1272 3480 1371 3532 teneat
1385 3474 1484 3543 firma,
1495 3476 1642 3532 munerati
1657 3475 1717 3533 tuis
1727 3475 1764 3531 ad
1778 3478 1845 3531 vota

133 3568 223 3642 mone
238 3564 373 3631 edocens,
390 3561 450 3618 Deo
465 3560 577 3616 meatus
593 3562 633 3617 ibi
656 3577 774 3617 munere
799 3561 962 3618 constituit.
1018 3564 1206 3635 processibus
1234 3579 1335 3636 parere
1361 3563 1555 3633 decrevimus,
1577 3563 1732 3636 locumque
1761 3562 1844 3620 habi-

134 3658 178 3714 Ex
192 3654 249 3713 hoc
264 3653 356 3728 igitur
370 3649 479 3707 Christi
496 3649 728 3706 adminiculante
753 3649 892 3723 suffragio
915 3666 963 3706 cx·
1019 3651 1100 3708 madi
1124 3650 1254 3709 babilam
1278 3668 1330 3725 pro
1355 3655 1456 3708 nostro
1481 3651 1555 3709 scire
1579 3652 1731 3709 ostendere
1751 3651 1845 3724 parati

124 3743 231 3811 ‚crevit
260 3757 401 3798 numerus
435 3738 583 3813 virginum
617 3739 749 3811 adusque
783 3737 964 3813 sexagenarii
1019 3757 1147 3796 sumus:
1172 3758 1240 3797 nam
1266 3756 1395 3813 persepe
1426 3740 1500 3797 inibi
1530 3739 1634 3797 suillos
1657 3755 1760 3814 greges
1780 3741 1844 3812 jam

137 3831 306 3900 cumulum,
323 3829 432 3904 quibus
457 3829 547 3885 etiam
573 3826 730 3900 pradictus
750 3833 833 3900 pater
847 3832 965 3901 neptem
1020 3829 1166 3903 desperati
1182 3829 1415 3898 invenimus,nec
1424 3830 1562 3887 seductos
1570 3828 1711 3886 aliorsum
1724 3844 1792 3902 spes
1801 3833 1846 3885 est

136 3939 231 3996 supra
244 3920 358 3992 scripta
374 3922 514 3975 matrona
530 3916 675 3976 Waltildis
693 3916 863 3974 solemniter
877 3916 964 3974 abba·
1020 3918 1167 3995 requirere
1182 3935 1296 3992 porcos,
1312 3933 1381 3974 eum
1393 3916 1478 3973 illum
1493 3933 1610 3991 semper
1624 3917 1737 3991 absque
1747 3917 1845 3991 aliquo

109 4020 111 4024 “
125 4002 245 4069 'assam
256 4008 393 4081 prefecit.
1018 4009 1141 4069 ‚duetore
1154 4007 1260 4080 perditi
1275 4023 1344 4064 sues
1357 4011 1495 4079 expetant
1510 4005 1715 4065 locumltdest
1729 4023 1846 4081 quoque

372 4097 501 4156 oratoria
519 4101 602 4156 ettam
617 4098 733 4156 diuersa.
1021 4094 1498 4169 ibi,Dominepater‚quacdamnon
1508 4094 1847 4170 iguutimiraculil'agns,

178 4188 277 4246 taliis
293 4204 409 4262 quoqne
424 4188 479 4246 rite
494 4188 789 4262 peractis‚seoretoria
804 4187 899 4244 saltus
922 4188 966 4243 in·
1022 4185 1124 4243 subter
1138 4201 1226 4257 quam
1241 4183 1401 4262 luminaria
1415 4199 1492 4257 sape
1507 4201 1575 4242 cum
1599 4200 1723 4242 aceensa
1737 4182 1849 4258 absque

141 4276 334 4351 fatigabiliter
348 4277 508 4349 excutiens,
524 4293 697 4351 cognoscere
712 4293 898 4349 summopere
918 4291 966 4351 gc·
1022 4274 1176 4332 hominum
1193 4290 1313 4331 accessu
1328 4272 1598 4344 viderimus,divini
1613 4272 1723 4346 aliquid
1733 4272 1849 4331 screan-

142 4366 358 4437 sticbat,sicubi
374 4366 583 4439 opportuniora
597 4365 660 4423 loca
674 4364 837 4422 edificandi
847 4363 968 4423 cellulas
1023 4364 1184 4437 spicamur.
1196 4363 1290 4433 Nunc,
1301 4361 1398 4435 inquit
1413 4361 1445 4418 B.
1457 4362 1729 4432 bercharius,ocius
1737 4361 1848 4435 praeite,

142 4455 432 4530 reperisset‚vcniens
448 4455 478 4511 in
494 4455 652 4528 quemdam
664 4453 901 4524 loeum,Lutosas
912 4453 968 4528 (33)
1023 4451 1098 4510 tanti
1114 4450 1248 4527 praesagii
1259 4450 1612 4525 locasignillcatc,mequo
1620 4452 1848 4521 consequentem

142 4544 273 4613 nominc,
283 4543 387 4601 cellam
401 4544 590 4602 construendi
605 4548 705 4618 aptum
717 4541 968 4616 reputansnimia
982 4565 1006 4631 D
1019 4543 1204 4616 jamjamque
1221 4541 1272 4598 diu
1288 4556 1467 4615 suspensum
1483 4541 1581 4597 animo
1598 4539 1771 4612 quietiorem
1782 4538 1848 4594 red-

142 4633 344 4691 sollicitudine
358 4639 425 4691 vota
439 4634 554 4707 explere
569 4633 785 4690 studebat.Hoc
799 4632 890 4707 igitur
901 4649 967 4705 pro-
1023 4632 1215 4697 dendo,tanta
1230 4646 1368 4687 curarum
1385 4628 1461 4686 mole
1476 4618 1850 4699 absolvitellisdictispra-

143 4722 219 4797 priis
242 4722 352 4779 viribus
378 4723 459 4780 nullo
484 4725 570 4780 modo
586 4723 709 4798 dignum
730 4722 841 4779 ducens
856 4723 967 4796 agredi,
1024 4721 1121 4776 dictus
1136 4725 1220 4794 pater
1231 4721 1267 4777 ad
1282 4718 1379 4776 locum
1394 4722 1530 4791 properat
1545 4716 1632 4773 fidem
1645 4716 1790 4772 dictorum
1800 4731 1849 4770 ex-

143 4811 233 4886 cujus
248 4816 310 4869 erat
324 4810 379 4868 hoc
395 4812 537 4885 predium
553 4812 707 4885 potestatis
723 4812 805 4868 adiit.
822 4813 861 4868 Ee
881 4812 970 4884 siqui·
1025 4814 1163 4884 capturus
1173 4827 1178 4865 :
1189 4806 1687 4866 necinaniterlcrenstestimonium
1698 4807 1848 4878 pastorum

143 4901 215 4959 dem
229 4904 360 4975 tempore
375 4900 556 4958 Cbildericus
573 4919 622 4959 rea
643 4917 767 4976 regnum
792 4901 970 4958 Francorum
1025 4900 1165 4958 divinitus
1181 4897 1429 4955 erediditlactum
1444 4893 1850 4965 essemiraculum,cta1)eo

144 4988 332 5048 nobilissime
346 4989 729 5064 gubernans,libentissimc
744 4989 837 5045 sancti
853 4988 908 5044 viri
926 5005 973 5061 pe·
1026 4988 1083 5047 sibi
1099 4987 1196 5044 locum
1220 4991 1384 5054 ostensum,
1405 4984 1456 5056 qui
1479 5001 1537 5040 non
1562 4987 1710 5056 pateretur
1733 4996 1851 5040 servum

145 5078 304 5136 titionibus
318 5081 530 5152 acquiescebat.
547 5080 629 5136 llunc
645 5095 713 5152 crgo
739 5081 823 5150 pater
847 5077 972 5161 erimina
1027 5094 1115 5135 suum
1131 5075 1253 5132 diversis
1267 5075 1425 5140 intantum,
1440 5072 1557 5146 proprie
1583 5071 1681 5147 labore
1704 5072 1850 5129 frustrari.

183 5187 241 5260 (32)
258 5185 289 5242 ld
314 5193 359 5244 est
384 5187 523 5262 exiguum
539 5186 752 5244 monasterium
767 5184 975 5243 sanctimoniu—
1064 5184 1121 5255 (33)
1136 5182 1226 5239 Vicus
1251 5182 1378 5248 Lutosae,
1404 5181 1514 5249 leam,
1540 5179 1673 5238 dioecesis
1698 5179 1851 5237 'trecensis

148 5256 315 5331 lium,qnod
324 5262 397 5316 teste
405 5264 560 5317 &murato
569 5258 763 5332 septingentis
773 5256 880 5313 abhinc
888 5255 974 5314 annis
1028 5254 1257 5328 distinguendus
1272 5256 1350 5310 esta
1372 5250 1448 5308 Villa
1472 5253 1591 5317 Lutosa,
1607 5253 1703 5321 beura
1717 5250 1854 5308 dioecesis

147 5329 285 5387 funditus
299 5326 974 5399 dirutumeteversum‚Puellaremonastcrium
1028 5325 1257 5397 Cameracensis,
1274 5324 1310 5380 de
1326 5339 1384 5396 qua
1400 5322 1567 5379 Baldericus
1582 5323 1613 5380 in
1626 5324 1733 5381 Chron.
1750 5322 1802 5380 lib.
1818 5339 1852 5394 n,

148 5399 313 5460 dicebatur.
327 5401 478 5459 Nostrates
493 5401 590 5459 locum
606 5400 716 5459 Gallico
732 5399 871 5457 idiomate
880 5396 976 5455 Puella
1029 5414 1093 5469 cap.
1110 5398 1155 5453 ts.

130 5470 276 5529 ‘Noruticr
299 5472 469 5547 appellant:
497 5473 546 5546 qui
570 5474 652 5530 locus
676 5472 723 5528 vix
746 5471 832 5528 tertio
856 5467 974 5526 milliari
1048 5470 1121 5552 Ι(34)
1137 5468 1220 5525 Nune
1235 5465 1318 5524 locus
1333 5465 1469 5522 redactus
1484 5471 1529 5524 est
1552 5467 1582 5522 in
1598 5467 1737 5552 eriguupn
1754 5471 1855 5523 crato-

148 5543 278 5600 distata
301 5544 432 5602 canobio
456 5544 604 5614 Dervensi,
630 5545 667 5601 ad
690 5544 828 5620 Vigcrum
852 5539 975 5600 fluvium
1030 5557 1107 5597 rrum
1123 5540 1152 5597 S.
1165 5537 1298 5596 Mauricii
1313 5539 1518 5612 dictum,qued
1534 5538 1754 5617 sesquimilliari
1765 5539 1856 5598 distat
1907 5550 1910 5553 ’

134 5613 254 5675 'itidem
265 5613 350 5674 situs.
363 5616 438 5692 Lege
453 5616 556 5674 mirac.
573 5632 656 5674 num.
674 5616 699 5673 1.
1031 5613 1164 5686 alterve,
1181 5627 1283 5672 versus
1298 5610 1409 5690 vigere
1425 5610 1546 5671 lentam.

330 5743 465 5810 Parnon.
488 5743 656 5811 cxxxm.
1636 5742 1676 5807 22
