3900 6090
130 302 191 364 845
718 311 921 374 EPIS'FOLAE
941 309 993 372 ΕΤ
1015 311 1251 378 Pulvltsetn.
1772 319 1837 383 tte

130 436 327 505 JesuGhristi,
335 444 363 494 ct
373 455 441 495 cum
452 440 589 496 omnibus
599 441 698 515 impiis
709 443 957 499 eternoiucendio
972 442 1000 511 Α
1015 444 1182 515 Dominum,
1199 448 1248 521 qui
1272 449 1368 504 dixit:
1388 451 1440 519 Qui
1468 469 1513 507 ros
1539 453 1645 524 recipit,
1670 468 1713 507 me
1740 453 1838 522 recipit

130 527 866 603 deputatum,etinsuperadpoenamvitaprreseutis
876 530 955 604 lega·
1009 533 1112 602 (heth.
1121 537 1164 607 x);
1182 554 1215 593 ao
1231 537 1352 610 proinde
1363 556 1416 595 uos
1427 538 1478 611 qui
1487 539 1626 596 fiduciam
1638 538 1835 610 uostrajusti·

131 614 189 670 lem
200 614 433 688 compositurum
444 617 507 674 auri
517 618 668 690 purissimi
682 618 733 675 lib.
744 620 777 675 10
790 620 827 675 ad
842 619 954 692 episce·
1009 621 1054 677 tiae
1071 641 1128 679 non
1144 626 1297 694 habemus
1308 626 1425 684 illorum
1444 629 1578 700 precibus
1594 632 1622 685 et
1632 628 1747 686 meritis
1757 627 1836 701 apud

120 721 210 776 pum,
221 704 271 776 qui
281 703 422 762 incudem
432 707 590 764 venerabili
605 707 752 780 episcopio
762 712 955 781 pertempora
1008 708 1273 770 clementissimum
1288 716 1381 771 Deum
1393 716 1505 788 jugiter
1515 715 1777 789 adjuvemur,quia
1791 716 1835 772 di·

127 793 321 850 lueritPerro
335 794 386 866 qui
401 800 501 851 custos
525 799 552 852 dt
578 798 747 853 ohservator
766 798 796 852 in
817 797 955 855 omnibus
1008 799 1075 855 vina
1091 800 1286 858 saluhcrrima
1302 809 1492 877 perceptam
1502 810 1671 861 sanctorum
1688 820 1836 861 canonum

126 881 215 937 luerit
230 881 401 954 hujusmodi
418 885 507 941 nostri
529 886 679 956 apostolici
701 885 842 959 privilegii
867 886 954 942 bene·
1009 904 1041 943 ac
1056 890 1266 945 venerabilium
1283 892 1401 947 Patroni
1419 893 1568 948 instabant
1578 893 1735 949 efficaciter
1745 894 1836 949 deeu-

126 971 264 1026 dictionis
280 972 415 1044 gratiam,
431 974 581 1046 vitamque
595 979 744 1040 aternam,
757 992 775 1030 a
789 975 953 1032 misericor·
1008 983 1108 1033 niente
1122 979 1254 1034 omnium
1268 970 1457 1036 ecelesiarum
1470 982 1518 1053 pio
1529 982 1772 1038 considerationis
1787 984 1837 1039 in-
1893 989 1899 1001 '

125 1060 294 1116 diesissimo
310 1061 434 1118 Domino
451 1067 551 1118 nostro
567 1063 707 1135 consequi
725 1068 880 1119 mereatur.
1007 1065 1093 1132 tuito,
1106 1067 1165 1122 imo
1182 1068 1333 1140 apostolici
1358 1070 1568 1126 moderaminis
1591 1069 1710 1137 annisu,
1726 1069 1837 1126 utilita-

162 1149 310 1220 Scriptum
326 1167 377 1224 per
392 1168 497 1206 uranus
508 1152 647 1223 Stephani
659 1151 806 1208 scriniarii
817 1154 891 1209 sacri
904 1171 954 1227 pn·
1007 1156 1071 1209 tum
1087 1157 1336 1224 commoditatem,
1349 1161 1436 1230 atquo
1453 1158 1601 1214 firmitatis
1611 1159 1749 1229 perlicere
1761 1158 1836 1214 inte·

121 1237 188 1293 latii
210 1238 239 1293 in
255 1255 355 1295 mense
369 1239 467 1308 lunio,
485 1244 512 1296 et
536 1241 637 1298 indict.
650 1242 859 1315 suprascripta.
877 1243 953 1299 Bene
1007 1243 1308 1317 gritatem,qnatenus
1324 1247 1465 1302 memoria
1490 1245 1617 1301 Udalrici
1638 1246 1701 1317 jam
1723 1246 1836 1319 prelati

124 1326 229 1383 valete.
244 1327 308 1384 Bet.
324 1346 364 1384 vn
380 1327 442 1385 llal.
458 1329 529 1386 Julii
541 1347 593 1402 per
607 1347 714 1387 manus
734 1330 858 1387 ioannis
873 1331 954 1403 epis·
1006 1330 1180 1388 venerahilis
1195 1332 1323 1406 episcopi
1340 1333 1436 1388 divirm
1453 1333 1545 1390 cultui
1561 1333 1660 1389 dicata
1674 1334 1791 1404 existat,
1807 1337 1836 1392 et

124 1416 190 1490 copi
219 1417 369 1490 Nepesina
393 1416 537 1486 Ecclesia,
555 1423 584 1474 et
607 1418 820 1475 bibliothecarii
845 1424 952 1475 sancte
1007 1417 1036 1472 in
1052 1416 1190 1477 laudibus
1209 1421 1258 1479 Dei
1281 1421 1468 1479 devotissime
1492 1421 1694 1496 persolvendis
1718 1439 1836 1497 semper

124 1506 204 1562 sedis
219 1504 394 1578 apostolicae,
412 1524 488 1563 anno
509 1506 698 1579 pontificatus
723 1508 833 1564 domini
860 1508 952 1565 nostri
1006 1506 1100 1571 ualeat
1122 1509 1271 1580 proficere.
1296 1510 1415 1583 Siquis
1439 1511 1559 1579 interea,
1576 1511 1655 1584 quod
1684 1527 1743 1568 uon
1773 1526 1836 1569 cre·

123 1593 209 1650 Joan.
226 1600 319 1651 sanct.
339 1594 387 1650 XV
408 1612 489 1669 papa
510 1613 560 1664 vu,
577 1601 604 1652 et
629 1596 691 1653 ind.
712 1599 949 1670 suprascriptus.
1007 1594 1115 1664 dimus,
1133 1599 1287 1655 temerario
1312 1616 1386 1656 ausu
1411 1604 1514 1657 contra
1529 1617 1563 1656 ea
1578 1616 1641 1673 que
1657 1600 1712 1657 bac
1735 1605 1836 1659 nostra

123 1682 314 1740 Decernimus
335 1699 415 1756 ergo,
432 1690 486 1739 elo.
504 1686 533 1741 Si
560 1702 617 1757 qua
642 1685 740 1758 igitur,
758 1691 812 1742 eto.
830 1686 951 1742 Cunctis
1006 1686 1179 1742 auctoritato
1204 1689 1251 1759 pio
1281 1705 1313 1743 ac
1337 1689 1461 1745 firmiter
1484 1706 1536 1762 per
1564 1688 1619 1745 hoc
1647 1688 1834 1763 privilegium

123 1778 233 1838 sutem,
250 1778 305 1827 etc.
323 1776 424 1828 limen.
1006 1773 1166 1829 constituta
1181 1781 1262 1843 sunt,
1278 1778 1423 1833 contraire
1448 1778 1613 1844 tentaverit,
1628 1777 1673 1834 vel
1694 1777 1755 1833 haec
1769 1794 1835 1851 quas

504 1862 564 1918 Xll.
1007 1862 1122 1918 anobis
1137 1863 1168 1917 in
1181 1864 1299 1920 laudem
1314 1865 1375 1933 Dei,
1392 1869 1422 1920 et
1436 1883 1487 1937 pro
1504 1865 1664 1921 reverentia
1673 1867 1738 1937 jam
1761 1864 1834 1923 dieti

122 1966 280 2007 concisioni
301 1967 446 2007 nosiasuu
463 1967 517 2006 ruo
537 1969 800 2008 oiuosizariosss
818 1970 949 2009 nonenim
1005 1949 1134 2023 episcopi
1155 1956 1266 2008 statuta
1290 1958 1359 2008 sunt
1383 1954 1534 2026 refragari,
1547 1957 1598 2009 aut
1627 1954 1657 2008 in
1684 1968 1833 2026 quoquam

382 2056 693 2115 aucusr.ia·ise1scor1
1006 2041 1271 2111 transgredimini
1296 2058 1326 2097 se
1351 2040 1523 2098 auctoritate
1545 2042 1576 2097 B.
1594 2041 1669 2097 Petri
1691 2041 1834 2115 principis

306 2128 478 2185 Calchantem
492 2145 564 2185 enno
579 2129 689 2185 Domini
703 2129 766 2185 003.
1006 2128 1215 2200 apostolorum,
1242 2132 1327 2202 cujus
1356 2130 1399 2186 vel
1429 2129 1568 2186 immeriti
1597 2129 1675 2186 vices
1704 2131 1831 2204 ammas,

208 2218 303 2291 (Apud
319 2217 423 2286 blansi,
441 2221 521 2275 conc.
539 2224 609 2274 tom.
623 2218 694 2284 XIX,
711 2235 777 2292 pag.
796 2219 869 2288 169.)
1005 2216 1202 2273 anathematis
1232 2219 1348 2275 vinculo
1373 2219 1558 2275 innodatum.
1575 2221 1610 2275 at
1632 2235 1700 2276 vero
1716 2219 1766 2292 qui
1783 2219 1831 2293 pie

156 2306 284 2362 loannes
300 2306 571 2379 episcopusservus
583 2323 735 2362 sorvorum
746 2307 950 2374 [totomnibus
1005 2304 1112 2360 intuitu
1128 2306 1296 2364 observator
1311 2308 1465 2372 exstiterit,
1476 2306 1689 2364 henedictionis
1704 2308 1831 2382 gratiam
1877 2321 1884 2330 “

119 2395 358 2468 archiepiscopis,
375 2394 531 2468 episeopis,
543 2400 572 2452 et
587 2396 756 2463 abbatibus,
773 2395 802 2451 in
818 2395 950 2452 Gellinet
1005 2393 1311 2452 amiserioordissimo
1326 2396 1450 2452 Domino
1466 2396 1524 2452 Beo
1537 2399 1638 2453 nostro
1658 2386 1844 2470 multiplici?

119 2482 278 2540 Germania
292 2484 556 2551 commorantibus,
573 2484 698 2541 salutem
716 2485 745 2541 in
769 2484 891 2540 Domino
916 2501 950 2541 ac
1005 2485 1049 2537 ter
1063 2488 1270 2555 consequntur,
1278 2489 1306 2540 et
1315 2489 1428 2541 aterna
1438 2485 1502 2540 vitas
1517 2483 1663 2557 particeps
1672 2484 1828 2542 efficiatur.
1896 2506 1901 2511 ·

125 2571 317 2645 apostolicam
333 2571 575 2629 benedictionem.
1004 2569 1153 2642 Scriptum
1169 2575 1214 2628 est
1228 2589 1279 2645 per
1294 2589 1416 2628 manum
1433 2572 1572 2644 Stephani
1584 2571 1689 2628 notarii
1701 2572 1832 2646 regiona·

157 2661 230 2716 Cum
242 2665 403 2717 conventus
413 2661 595 2717 essetiactus
605 2661 635 2716 in
646 2661 949 2734 palatloLateranensi
1004 2659 1039 2714 rii
1054 2663 1083 2716 et
1097 2660 1241 2716 seriniarii
1257 2664 1364 2718 sancta
1380 2661 1517 2717 Romane
1531 2658 1714 2728 Ecclesie,in
1730 2675 1833 2718 mense

123 2750 218 2823 pridie
234 2749 378 2806 Kalendas
390 2748 549 2818 Februarii,
566 2749 711 2807 residente
730 2751 843 2807 loanne
864 2767 949 2807 suno·
1005 2748 1173 2819 Februario,
1183 2749 1344 2805 indictione
1358 2765 1399 2813 vi,
1414 2765 1490 2805 anno
1503 2749 1724 2821 nongentesimo
1739 2763 1829 2807 nens·

118 2837 237 2894 tissime
251 2854 327 2912 papa
342 2854 410 2894 eum
426 2838 572 2911 episcopis
584 2842 613 2894 et
628 2839 817 2911 presbyteris,
827 2840 949 2895 astanti·
1003 2837 1115 2911 gesimo
1131 2837 1227 2895 terlio.

119 2926 176 2983 bus
183 2926 356 2983 diaconibus
365 2932 394 2983 et
402 2932 506 2984 cuncto
517 2926 734 3000 clero,surgens
744 2910 950 2984 reverendissi·
1292 2943 1543 2983 sunscniruouas.

119 3030 188 3071 mus
202 3014 375 3088 Luitolphus
385 3019 523 3091 Augustae
534 3017 689 3089 episcopus
701 3017 796 3089 inquit
808 3033 814 3071 τ
827 3016 949 3072 Domine
1039 3016 1097 3088 Ego
1112 3016 1239 3072 ioannes
1254 3020 1361 3073 saneta
1372 3017 1509 3072 Romana·
1520 3014 1668 3072 catholicae
1678 3020 1708 3072 et
1718 3020 1832 3089 aposto·

119 3104 306 3160 sanctissime
323 3106 439 3178 praesul,
453 3107 476 3162 si
490 3106 573 3163 vobis
589 3105 685 3178 placet
699 3111 729 3162 et
739 3106 878 3162 omnibus
891 3105 949 3177 epi·
1002 3103 1063 3160 lico
1080 3104 1214 3160 Ecclesia
1228 3104 1385 3178 episcopus
1399 3104 1468 3160 huic
1482 3105 1597 3161 decreto
1613 3121 1630 3160 a
1651 3103 1736 3160 nobis
1761 3120 1829 3177 pro·

119 3193 254 3265 scopiset
264 3193 444 3266 presbyteris
456 3194 503 3250 bio
514 3194 720 3263 residentibus,
730 3194 849 3252 libellus
859 3211 945 3268 quem
962 3179 984 3247 C
1003 3192 1134 3264 mulgeto
1146 3194 1281 3249 consensi
1298 3197 1327 3249 et
1342 3192 1516 3265 subscripsi.

118 3298 177 3355 pra
193 3282 330 3339 manibus
346 3282 450 3351 habeo,
468 3299 566 3338 coram
584 3283 666 3340 vobis
681 3283 804 3357 legatur,
822 3285 858 3338 de
880 3282 947 3339 Vita
1037 3281 1164 3337 Jonnnes
1190 3282 1345 3354 episcopus
1360 3282 1390 3336 S.
1407 3281 1566 3354 Anagnino
1588 3279 1665 3337 Eeel.
1682 3282 1828 3338 consensi.

118 3370 310 3428 etmirnculis
321 3370 497 3428 venerabilis
509 3371 761 3438 Udaln'ci,sanclae
771 3374 946 3445 Augustanos
1038 3369 1211 3426 Benedictus
1227 3372 1317 3442 episc.
1333 3370 1362 3425 S.
1380 3369 1566 3442 Pipernensis
1588 3370 1665 3426 Eeel.
1682 3369 1828 3428 consensi.

118 3458 255 3515 Ecclesiae
277 3459 389 3515 dudum
419 3460 559 3532 episcopi,
577 3465 606 3516 et
628 3461 699 3532 quid
723 3460 840 3516 libitum
865 3461 947 3517 vobis
1037 3457 1208 3514 Dominieus
1224 3459 1313 3532 episc.
1325 3459 1354 3514 S.
1366 3458 1525 3515 Ferentino
1536 3459 1670 3516 Ecclesia
1681 3459 1828 3517 consensi.

119 3547 413 3619 fuerit,docernatur.
423 3550 496 3615 Ouia
504 3549 629 3621 Spiritus
639 3549 732 3604 sancti
740 3553 865 3605 testatur
874 3566 946 3621 pra·
1037 3547 1221 3602 crescentius
1235 3548 1390 3618 episcopus
1407 3552 1514 3603 serietas
1525 3547 1765 3604 Silva-Candida
1776 3549 1829 3605 Ee·

120 3637 216 3694 sentia
226 3641 255 3693 ot
272 3639 458 3711 congregatio
469 3636 785 3704 sacerdotum,certum
797 3638 947 3710 essequod
1002 3635 1095 3691 etesiae
1111 3634 1257 3690 consensi.

120 3725 396 3800 legimus,qnianec
407 3731 502 3798 potest
516 3727 624 3781 veritas
640 3728 741 3783 nostra
755 3727 883 3794 mentiri,
895 3743 948 3783 eu·
1036 3723 1146 3780 {luniso
1159 3722 1315 3795 episcopus
1330 3723 1359 3779 S.
1377 3722 1511 3778 Cerensis
1531 3722 1664 3779 Ecclesiae
1681 3722 1828 3781 consensi.

115 3815 168 3886 jus
183 3814 215 3870 in
229 3815 385 3888 Evangelio
401 3816 459 3872 ista
468 3821 512 3870 est
526 3814 757 3873 sententio:llhi
770 3814 824 3871 duo
836 3815 878 3871 oet
895 3824 948 3873 tres
1039 3812 1144 3869 Bonize
1173 3811 1407 3884 archipresbyter
1433 3816 1461 3866 et
1486 3810 1643 3867 cardinalis
1672 3812 1701 3866 S.
1734 3811 1828 3867 Lucia

117 3906 273 3976 canescenti
295 3906 401 3976 [aerim
424 3906 454 3959 te
477 3907 587 3961 nomine
603 3920 671 3972 mco,
684 3903 725 3960 ibi
742 3913 827 3976 ctepc
841 3921 903 3961 sem
917 3907 948 3960 in
1003 3901 1147 3958 consensi.

118 3991 208 4049 nimio
230 4009 325 4049 eorem
349 3993 450 4065 (blattis.
467 3994 556 4066 xviii).
575 3992 655 4059 Quod
679 4010 747 4049 oum
771 3993 813 4049 ita
834 3994 882 4063 sit,
896 4011 948 4051 nee
1039 3989 1214 4046 Eenedictus
1236 3989 1387 4062 presbyter
1406 3993 1433 4044 et
1456 3987 1614 4045 cardinalis
1642 3990 1671 4046 S.
1684 3986 1827 4061 Stephani

119 4079 189 4137 huie
214 4086 275 4137 mm
300 4082 378 4139 brevi
410 4099 532 4139 numero
556 4082 685 4154 Spiritus
709 4088 830 4139 sanetus
854 4083 947 4151 deest,
1002 4078 1149 4136 consensi.
1780 4066 1785 4083 '

119 4171 335 4245 quantomagis
346 4186 413 4227 eum
423 4188 501 4227 nune
513 4172 653 4227 interesse
662 4172 948 4246 credamus,quando
1040 4171 1095 4226 Leo
1111 4168 1261 4240 presbyter
1275 4173 1304 4222 et
1319 4166 1477 4223 cardinalis
1488 4167 1518 4222 S.
1530 4165 1614 4223 Nerei
1628 4167 1775 4223 consensi.

120 4258 151 4315 in
162 4275 256 4314 unuin
267 4259 401 4317 convenit
419 4261 505 4316 turba
519 4265 699 4328 sanctorum,
712 4266 848 4317 sanetum
865 4278 948 4318 nam·
1037 4258 1166 4313 loannes
1182 4255 1311 4329 presbyt.
1327 4259 1355 4310 el
1368 4254 1480 4310 cardin.
1498 4254 1528 4311 S.
1545 4251 1663 4310 Damasi
1680 4252 1828 4310 consensi.

120 4363 178 4421 que
192 4352 237 4404 est
252 4363 303 4420 pro
319 4348 418 4404 debita
432 4349 617 4404 veneratione
631 4347 799 4421 collegium.
1040 4348 1095 4402 Leo
1111 4344 1263 4418 presbyter
1274 4349 1302 4400 et
1318 4342 1477 4399 cardinalis
1492 4343 1522 4399 S.
1540 4341 1612 4399 Sinti
1628 4340 1773 4397 consensi.

128 4469 134 4477 ·
156 4437 288 4509 Cumque
303 4437 432 4509 perlecta
445 4443 521 4494 esset
536 4436 602 4493 Vita
624 4436 754 4509 predicti
770 4437 949 4496 sanctissimi
1038 4436 1166 4492 ioannes
1181 4434 1333 4506 presbyter
1346 4437 1374 4488 ct
1395 4429 1554 4488 cardinalis
1565 4428 1831 4502 SSApostolorum

121 4526 262 4598 episcopi,
278 4531 397 4582 ventum
413 4533 458 4582 est
472 4527 507 4582 nd
525 4526 667 4582 miracula
682 4543 746 4598 quae
768 4527 828 4583 sivo
839 4527 868 4582 in
884 4545 949 4584 cor·
965 4551 988 4618 D
1003 4524 1147 4582 consensi.

120 4614 269 4686 pore,sive
284 4618 365 4670 extra
379 4631 486 4687 eorpus
500 4620 582 4687 gesta
605 4618 675 4670 sunt
687 4631 694 4669 :
707 4616 841 4673 videlicet
860 4633 949 4674 cecos
1039 4615 1167 4671 ioannes
1182 4611 1334 4683 presbyter
1349 4616 1375 4666 et
1392 4608 1550 4665 cardinalis
1568 4609 1608 4665 SS
1635 4606 1832 4674 QustuorGo·

120 4701 316 4770 illuminasse,
336 4704 484 4759 daemones
508 4704 545 4759 ab
569 4703 699 4760 obsessis
721 4706 852 4776 eorporis
876 4706 951 4762 ellu-
1005 4707 1172 4760 renatorum
1185 4699 1330 4756 consensi.

120 4807 218 4864 gesse,
239 4792 415 4865 paralyticos
439 4808 566 4858 curasse,
591 4797 620 4848 et
648 4793 867 4865 quamplurima
893 4795 951 4851 alia
1040 4789 1167 4854 loannes
1176 4786 1272 4859 presb
1285 4791 1312 4842 et
1326 4786 1405 4842 card.
1423 4784 1775 4842 S.Clementisconsensi.

120 4879 419 4954 signagessisse,que
431 4897 617 4954 nequaquam
627 4881 738 4937 calamo
750 4887 777 4939 et
789 4886 949 4940 atramento
1040 4876 1223 4933 Crescentius
1239 4874 1335 4947 presb.
1353 4880 1381 4931 ct
1396 4876 1475 4930 card.
1493 4876 1522 4931 S.
1532 4875 1632 4932 Calisti
1645 4873 1791 4931 consensi.

121 4968 272 5026 illustrata
285 4975 365 5027 sunt.
1040 4965 1213 5022 Benedictus
1229 4963 1462 5018 archidiaconus.

158 5059 226 5124 Qua
238 5059 340 5115 omnin
353 5058 451 5132 lepida
462 5060 535 5116 satis
551 5058 716 5115 urbanitate
728 5059 853 5131 expolita
868 5077 950 5116 rece·
1039 5055 1166 5109 loannes
1180 5052 1321 5107 diaeonus
1335 5055 1364 5108 et
1379 5051 1600 5109 oblationarius.

120 5147 232 5222 pimus,
241 5152 270 5203 et
284 5148 434 5205 communi
444 5147 567 5204 consilio
579 5148 771 5215 decrevimus,
779 5149 950 5204 memoriam
1041 5141 1215 5199 Benedictus
1229 5141 1381 5196 diaconus.

87 5311 89 5315 Ι
121 5235 216 5304 illius,
228 5235 258 5290 id
274 5241 319 5292 est
333 5237 428 5295 saneti
443 5236 570 5294 Udalriei
589 5236 845 5308 episeopi,alieotu
856 5235 951 5308 piissi-
1040 5228 1334 5287 Joanncsdiaeonus.
1505 5240 1522 5269 ⁸

122 5325 338 5392 mo,devotione
350 5325 727 5382 fidelissimaienerandam
741 5340 747 5379 :
759 5325 898 5396 quoniam
909 5324 951 5382 sie
1042 5321 1074 5376 lli
1091 5332 1194 5375 omnes
1208 5324 1421 5375 consenserunt
1436 5324 1463 5375 et
1476 5319 1726 5390 subscripserunt.

123 5414 283 5470 adoramus
297 5419 326 5471 ct
341 5414 467 5472 colimus
478 5414 619 5486 reliquias
630 5417 791 5486 martyrum
802 5418 831 5469 et
841 5415 951 5472 conles·
1041 5410 1113 5466 Bata
1128 5407 1213 5462 tertio
1230 5405 1373 5467 Kalendas
1387 5411 1501 5476 (nonas)
1516 5405 1664 5463 Februarii
1688 5420 1739 5477 per
1762 5419 1831 5460 ma·

123 5520 235 5571 sorum,
254 5509 285 5559 ut
299 5520 367 5560 eum
383 5505 469 5576 cujus
485 5509 627 5576 martyres
642 5507 671 5558 ct
686 5503 867 5561 consessores
883 5509 953 5562 sunt
1006 5515 1077 5556 num
1093 5494 1214 5552 ioannis
1226 5493 1354 5566 episcopi
1371 5501 1478 5550 sancta
1494 5495 1643 5568 Nepesina
1655 5491 1833 5564 Ecclesia,et

125 5592 480 5666 adoremus,honoranius
495 5595 644 5666 samosat
658 5591 753 5652 honor
767 5593 910 5653 redundet
920 5594 951 5655 in
1006 5583 1217 5657 bibliothecarii
1232 5587 1340 5645 sancta
1363 5584 1443 5645 sedis
1468 5584 1645 5663 apostolice,
1660 5599 1738 5644 anno
1754 5597 1838 5665 pen«,

1919 5726 1945 5743 u*
