3900 6090
111 274 182 365 'iao
690 307 741 369 nn
764 307 955 369 sacimas
977 304 1264 374 nonnononna.
1766 304 1826 374 io'o

121 436 278 511 duplicans
293 452 357 499 eam
372 437 640 510 circumponetsibi
651 439 681 494 in
693 439 814 496 sinistra
830 440 950 514 scopula
963 443 992 508 A
1006 443 1824 516 passionibusoxceptnporascoaepassioneubineutrum

121 528 281 593 annectens
298 526 638 587 alteramsummitatem
653 531 717 601 ejas
733 530 850 604 cingulo
865 530 947 586 albe.
1004 530 1119 587 dicatur
1142 550 1194 588 nee
1218 535 1349 589 Dominus
1374 533 1588 600 volterranum
1605 534 1697 592 Gloria
1712 533 1764 592 titi
1776 535 1828 591 Do·

121 614 242 673 Peracto
250 615 468 673 communionis
479 621 673 687 sacramento,
684 619 787 675 induat
797 636 861 675 eam
873 623 950 674 ante·
1002 622 1087 676 crine.
1104 620 1211 688 Quinta
1226 622 1299 677 soria
1313 639 1376 694 qam
1402 625 1431 678 et
1454 624 1538 679 Cena
1562 622 1679 678 Domini
1711 622 1830 695 dicitur,

120 703 950 780 quamcollectafiniatur.InsapradictisdiebusOuadra-
1004 708 1174 764 nocturnale
1204 710 1336 766 cilicium
1365 715 1470 783 agatur
1498 712 1663 768 secundum
1693 710 1771 782 quod
1798 711 1830 769 in

119 794 229 868 gesinte
244 793 394 868 complete
410 794 545 867 pulsetur
559 796 678 868 signum
698 796 735 851 ad
758 814 904 869 vesperas,
920 801 949 852 ct
1003 796 1175 868 antiphonio
1191 797 1325 853 hahetur.
1333 799 1538 871 Comperimus
1549 801 1639 856 etiam
1650 797 1680 854 in
1692 816 1830 872 quorum·

121 886 227 958 agatur
241 884 350 950 oratio;
368 884 473 940 dehinc
487 883 517 939 in
534 883 685 940 intervalla
701 902 758 956 (pne
774 885 859 957 signa
883 883 947 958 pul·
1003 885 1070 939 dom
1087 884 1289 956 religiosorum
1303 887 1434 943 ecelesiis
1460 890 1601 961 quiddam
1627 889 1699 959 lieri,
1718 906 1775 961 quo
1790 889 1828 945 ad

119 975 235 1040 santur,
252 976 321 1028 cent
336 971 463 1028 ministri
479 972 610 1045 accipere
631 973 767 1041 mixtum,
785 973 834 1045 qui
850 971 948 1027 voluc-
1002 973 1169 1028 animorum
1184 977 1441 1048 compunctionem
1457 976 1620 1049 spiritualis
1631 977 1672 1032 rei
1684 976 1827 1035 indicium

120 1060 947 1134 rint,quivoronoluerintlicentiamhabeantdimittendi,
1002 1065 1133 1118 exortum
1149 1069 1204 1132 est,
1219 1064 1356 1121 videlicet
1371 1069 1403 1120 ut
1414 1065 1728 1138 peractoquidquidad
1740 1066 1828 1121 eonti-

119 1153 151 1206 et
164 1149 235 1221 quia
249 1148 355 1223 regule
368 1154 505 1207 tenemus
520 1154 726 1206 ornamentum
739 1151 768 1206 in
779 1151 825 1206 his
837 1151 947 1206 sanctis
1000 1149 1098 1208 lenam
1113 1151 1193 1208 illius
1203 1153 1296 1210 noctis
1305 1154 1656 1228 pertinet,l]vungoliiquo
1667 1153 1828 1227 antiphona

118 1237 226 1294 diebus
240 1238 475 1311 Quadragesime
486 1238 598 1312 aliquid
611 1239 696 1295 nohis
706 1239 831 1312 augendi
844 1237 946 1294 divine
1001 1241 1095 1311 finita,
1111 1242 1319 1316 nihilqueiom
1334 1261 1484 1300 cereorum
1500 1243 1622 1300 laminis
1646 1247 1826 1312 remanente,

111 1325 254 1393 ,servituti
270 1328 306 1385 ad
322 1327 442 1384 solitum
458 1344 582 1399 pensum
599 1333 705 1384 nostrae
717 1329 946 1398 servitutis,cen-
1001 1329 1061 1386 sint
1076 1331 1134 1387 (luo
1150 1333 1186 1386 ad
1197 1332 1252 1388 hoc
1263 1333 1341 1387 idem
1352 1332 1492 1388 destinati
1502 1332 1585 1405 pueri
1597 1333 1625 1386 in
1635 1333 1737 1388 dextra
1746 1336 1828 1404 parte

118 1417 236 1474 suimus
252 1421 286 1473 ut
301 1416 422 1489 acepito
437 1417 672 1492 Quadragesimoe
684 1419 822 1494 usquead
834 1434 946 1475 coenam
1001 1419 1091 1487 chori,
1102 1422 1151 1492 qni
1164 1439 1270 1477 sonora
1280 1421 1408 1494 psallant
1419 1438 1488 1478 voce
1499 1424 1586 1495 Kyrie
1596 1420 1828 1494 animosiusque

117 1505 764 1580 Domini,festivisexcoptisdiebu5,quotidie
774 1514 840 1582 post
850 1508 946 1581 exple·
1001 1507 1031 1563 in
1048 1507 1168 1566 sinistro
1183 1515 1265 1582 porto
1281 1510 1428 1579 similiter,
1444 1511 1496 1583 qui
1511 1511 1707 1585 respondeant
1723 1511 1829 1567 Cirristc

117 1595 231 1654 tionem
246 1595 480 1668 uniuscujusque
491 1596 568 1652 horte
579 1597 653 1652 dnos
665 1596 797 1669 psalmos
807 1598 945 1670 prostrati
1000 1598 1111 1665 cleison,
1129 1616 1181 1654 noc
1201 1618 1258 1655 non
1284 1605 1312 1656 et
1336 1599 1365 1655 in
1391 1600 1562 1657 occidentali
1588 1603 1670 1674 parto
1695 1602 1753 1658 duo
1777 1599 1828 1673 qui

118 1684 182 1742 solo
197 1685 314 1743 oratorii
331 1703 499 1758 peroremus
515 1685 620 1753 devoti,
631 1687 944 1755 eoscilicetordineut,
1001 1686 1100 1742 dicant
1128 1689 1250 1756 licutino,
1274 1691 1405 1746 irrisorem
1432 1689 1528 1758 nobia,·
1552 1689 1660 1762 quihus
1690 1687 1826 1762 peractio,

118 1773 274 1839 Matutihis
290 1775 393 1844 finitis,
409 1793 476 1831 mox
487 1776 622 1831 dicantur
635 1776 693 1832 duo
703 1776 810 1849 psalmi
820 1778 942 1845 aoniae,
1003 1777 1176 1848 respondeat
1189 1777 1278 1833 simul
1300 1778 1396 1833 omnis
1422 1778 1539 1847 chorus,
1557 1779 1680 1835 Christus
1695 1778 1827 1836 Doctrinae

117 1880 152 1923 ac
164 1866 197 1922 in
209 1866 316 1938 surore,
333 1866 358 1931 l,
375 1869 404 1921 et
419 1865 457 1920 m
472 1867 627 1933 baratinam,
644 1867 727 1938 ltpric
741 1867 852 1933 cleison,
863 1867 945 1922 Potor·
1000 1867 1088 1936 [artus
1099 1875 1140 1922 est
1153 1866 1278 1922 obediens
1293 1884 1378 1939 tuque
1392 1868 1428 1922 nd
1451 1875 1575 1923 ermetem.
1592 1867 1716 1923 Domum
1742 1866 1826 1938 pueri

116 1963 221 2021 mater,
235 1958 264 2010 et
281 1952 380 2026 prebes
396 1971 448 2027 pro
465 1954 593 2026 peccatis
604 1959 632 2010 et
643 1955 746 2010 oratio.
757 1956 798 2010 lid
809 1956 944 2023 Primam,
1000 1955 1170 2012 dexterioris
1187 1956 1267 2011 ebori
1282 1959 1415 2028 repetant
1431 1975 1495 2028 quse
1507 1973 1607 2029 supra,
1620 1957 1723 2012 eodem
1739 1956 1826 2011 modo

117 2044 197 2107 Beati
219 2058 336 2117 quonam
359 2046 387 2098 et
411 2044 518 2109 levum,
540 2046 569 2098 ot
592 2042 706 2116 reliqua
730 2047 762 2099 ut
786 2045 944 2116 snpra.Ad
999 2061 1057 2116 quo
1082 2061 1181 2116 supra,
1206 2062 1359 2118 usquequo
1388 2045 1495 2101 chorus
1521 2045 1604 2100 liniat
1632 2062 1697 2117 qum
1726 2062 1826 2118 supra.

120 2134 248 2202 Tertium,
263 2132 387 2200 Dmninc,
402 2148 438 2188 ne
453 2133 483 2187 in
494 2132 598 2203 secroto,
613 2133 641 2201 2,
658 2136 687 2188 et
702 2133 944 2189 tatotmsummd
1000 2133 1232 2205 ldcmquetertio
1243 2139 1376 2207 repetant
1387 2135 1488 2190 eodem
1499 2135 1731 2200 ordine.Quibus
1742 2134 1827 2191 tertio

117 2222 241 2289 Sexum
256 2221 383 2281 herrm
397 2222 462 2289 mei,
479 2222 548 2279 Deru
563 2225 591 2276 et
605 2221 644 2277 rid
667 2229 693 2278 tc
716 2223 813 2280 levavi.
825 2223 867 2278 hd
892 2222 944 2279 No·
1000 2221 1102 2290 finitis,
1119 2227 1207 2296 agant
1223 2224 1327 2281 tacitas
1342 2224 1495 2298 genuflexo
1510 2241 1592 2280 more
1607 2223 1693 2281 solito
1713 2239 1824 2298 proces.

118 2324 196 2378 uum,
210 2312 324 2368 Homine
337 2310 450 2377 excudi,
465 2314 494 2367 et
506 2311 568 2367 Nisi
588 2311 653 2384 quin
668 2311 809 2368 horninur.
826 2313 868 2367 Ad
885 2311 945 2368 Ves-
1000 2311 1131 2378 Qniordo
1141 2313 1230 2369 trium
1240 2313 1826 2372 noctiumuniformitertenoaturabillis:

116 2416 227 2474 peram,
240 2400 278 2456 De
289 2398 447 2473 proferatis,
463 2403 492 2454 ct
508 2398 561 2468 Qui
574 2397 723 2471 confidant.
738 2399 781 2454 hd
798 2398 945 2471 completo·
1001 2400 1051 2474 qui
1065 2406 1098 2457 ut
1113 2418 1178 2457 reor
1191 2400 1397 2458 ecclesiastica
1412 2402 1648 2476 compunctionis
1663 2419 1736 2460 usus
1750 2419 1828 2460 aca-

118 2492 206 2563 cium,
222 2490 336 2548 Borrine
345 2488 947 2559 exaudi,2,ctinconvertendo,utvidelicet
1001 2488 1118 2546 tholieis
1141 2491 1205 2546 idco
1231 2496 1363 2564 repertus
1387 2495 1442 2560 cst,
1467 2496 1499 2547 ut
1522 2491 1711 2548 tenebrarum
1735 2495 1829 2548 terror

119 2577 945 2655 persingulashorasunusdicaturpsalmuspeonitentia,
1002 2579 1407 2652 (quitripartiturnmundum
1419 2579 1829 2652 Dominicapassionetimore

119 2674 150 2727 ct
163 2669 239 2730 alter
250 2668 408 2743 graduum.
425 2686 483 2742 qao
499 2673 529 2724 et
542 2686 596 2724 nos
612 2672 797 2741 peccatorum
824 2669 947 2725 noxibus
1002 2668 1316 2741 percutitinsolito),ac
1327 2667 1492 2743 apostoliam
1503 2668 1720 2740 predicationis
1730 2685 1830 2726 conso·

119 2759 230 2834 expiati
244 2758 388 2814 virtutum
403 2757 543 2832 gradibus
559 2775 687 2831 superna
711 2759 900 2825 scandamus,
917 2757 947 2813 in
1001 2757 1072 2814 latio
1088 2761 1163 2830 (qne
1181 2758 1316 2814 universo
1333 2758 1443 2813 mundo
1455 2756 1604 2814 Christum
1615 2756 1676 2829 pati
1687 2773 1780 2829 usque
1791 2758 1828 2814 ad

120 2847 344 2923 quibusdiehus
352 2846 587 2921 Quadrugesimae
596 2864 647 2919 per
654 2850 714 2904 tres
721 2845 832 2918 priores
843 2845 948 2902 hebdo
1003 2851 1126 2903 mortem
1142 2864 1193 2919 pro
1209 2847 1324 2921 generis
1340 2847 1476 2903 humanu
1488 2845 1582 2902 salute
1593 2846 1776 2904 obedientem
1787 2863 1828 2902 re·

121 2937 227 2996 mades
239 2935 303 2994 sint
322 2936 420 3004 irrasi,
436 2937 584 2992 mediante
609 2953 676 2992 voro
700 2926 947 3009 quadragesimali
1001 2936 1156 3006 velaverat)
1187 2935 1428 2993 manifestissime
1457 2935 1639 3008 designetur.
1667 2935 1733 2992 llaec
1757 2950 1826 3010 argo
1910 3000 1913 3005 ,

121 3031 264 3101 tompore,
281 3043 388 3082 rasura
404 3024 499 3083 officio
515 3024 642 3098 pilorum
657 3024 782 3082 evellant
796 3024 949 3098 superssui-
997 3025 1158 3081 inscrenda
1173 3026 1354 3095 censuimus,
1365 3031 1397 3081 ut
1408 3026 1431 3080 si
1441 3025 1551 3098 quibus
1561 3024 1723 3080 dovotionis
1733 3025 1828 3098 gratia

122 3120 227 3174 tatem.
1003 3113 1245 3187 complacuerint,
1259 3114 1387 3170 habeant
1401 3113 1430 3170 in
1446 3115 1493 3170 his
1505 3115 1582 3170 unde
1592 3114 1682 3186 huJus
1693 3114 1733 3171 rei
1746 3115 1827 3187 ignu-

156 3205 312 3263 Dominica
327 3204 372 3261 die
389 3203 565 3273 Palmorum,
583 3204 654 3279 quio
669 3205 763 3277 major
776 3207 868 3260 restat
882 3220 947 3276 pro·
963 3189 985 3260 C
1005 3220 1052 3259 ros
1063 3203 1225 3272 instruant;
1236 3203 1286 3274 qui
1296 3208 1396 3260 autem
1407 3203 1563 3274 noluerint,
1571 3204 1607 3258 ad
1616 3203 1670 3259 hoc
1681 3203 1828 3277 egendum

123 3294 218 3355 cossio
233 3295 356 3368 agenda,
367 3293 418 3351 ille
431 3312 496 3368 que
507 3293 580 3351 solet
591 3294 620 3349 in
632 3293 761 3350 claustro
772 3293 818 3366 opi
831 3292 948 3349 interim
1005 3292 1126 3347 minimo
1142 3292 1365 3364 compellantur.

123 3386 196 3443 dunt
211 3382 394 3442 matutinalis
409 3383 502 3440 missa
516 3384 643 3452 canitur,
659 3382 949 3456 agaturasaeerdotc
1040 3381 1653 3454 inquorumnoctiumseqncntibusdiebus
1665 3383 1701 3438 ad
1712 3381 1829 3440 nullum

123 3477 241 3533 tantum
261 3473 499 3547 conspersionem
523 3477 552 3529 ct
576 3471 809 3529 benedictionem
833 3475 947 3544 agente.
1004 3470 1112 3527 dieitur
1131 3471 1233 3527 horam
1251 3489 1257 3527 :
1275 3473 1345 3528 Deus
1370 3475 1400 3527 in
1423 3472 1591 3544 (adjutorium
1613 3490 1715 3544 onmia,
1732 3474 1783 3530 sed
1800 3473 1830 3531 iu

123 3560 222 3622 Finita
236 3561 287 3618 iba
300 3560 868 3637 missa3agaturillamojorprocessioin
880 3577 949 3632 qua,
1004 3560 1148 3618 directum
1165 3560 1294 3634 capitula
1313 3561 1446 3626 canonici
1470 3579 1576 3618 cursus
1601 3563 1737 3619 dicantur
1753 3579 1761 3618 ι
1778 3563 1830 3618 de-

122 3652 202 3711 sicut
216 3652 247 3708 in
262 3651 351 3725 priori
368 3651 497 3707 diximus
517 3640 882 3724 egendum,itaagntur,id
893 3653 948 3716 est,
1004 3649 1073 3705 hinc
1103 3666 1214 3717 versus,
1241 3654 1270 3705 ct
1295 3650 1457 3721 sequentia.
1476 3650 1506 3704 ln
1532 3654 1637 3721 quarte
1663 3668 1730 3707 vcro
1758 3651 1831 3708 seria

124 3745 157 3798 ut
170 3740 209 3797 ad
224 3738 306 3796 illam
320 3739 475 3797 ecelesiam
491 3741 540 3796 ubi
557 3739 661 3812 palma
678 3743 749 3795 sunt
763 3737 818 3793 sub
833 3736 950 3793 silentio
1005 3739 1107 3794 eadem
1122 3737 1251 3809 capitula
1265 3735 1353 3792 altius
1368 3737 1517 3804 dicantur,
1529 3739 1562 3791 at
1576 3736 1612 3792 ab
1628 3736 1829 3794 omnibusne·

124 3826 284 3887 ordinatim
308 3833 378 3885 eant
400 3828 491 3885 dediti
518 3826 686 3901 psalmodias
711 3844 824 3896 omncs,
841 3826 866 3883 si
888 3826 951 3883 heri
1006 3827 1133 3894 diantur,
1149 3830 1177 3881 ot
1192 3842 1329 3898 vesperae,
1346 3830 1375 3880 ot
1387 3824 1623 3897 completorium,
1640 3825 1753 3882 certeris
1769 3823 1829 3881 dle·

124 3921 232 3994 potest,
246 3921 276 3975 et
289 3917 362 3974 hora
383 3916 560 3989 permiserit,
577 3914 652 3972 albis
678 3915 783 3983 induti,
800 3933 857 3989 quo
882 3932 950 3972 cum
1005 3916 1061 3972 bus
1076 3913 1207 3970 minime.
1226 3914 1258 3969 ln
1272 3914 1449 3986 supradictis
1469 3913 1605 3970 noctibus
1629 3913 1655 3970 si
1679 3912 1832 3971 matutina

124 4007 310 4083 pervenerint
325 4009 414 4081 agant
424 4007 586 4063 orationem
610 4005 703 4078 ipsius
728 4004 820 4061 saneti
847 4004 950 4077 implo-
1006 4009 1073 4061 ante
1088 4005 1182 4061 lucem
1199 4004 1309 4060 suerint
1323 4004 1423 4073 finitae,
1438 4005 1543 4060 iratres
1566 4004 1617 4076 qui
1632 4003 1779 4061 voluerint
1793 4003 1832 4061 ad

125 4100 225 4156 rantes
240 4095 341 4154 auxilii
356 4095 606 4164 intercessionem,
618 4095 665 4151 cui
681 4093 804 4151 ecclesia
819 4095 953 4151 dedicata
1006 4093 1425 4166 suamredeantroquie1n‚qui
1437 4097 1534 4149 autem
1546 4092 1713 4166 spiritualia
1722 4093 1832 4151 exarci-

125 4192 181 4247 cst.
198 4184 296 4245 linita
309 4186 449 4254 oratione,
463 4202 480 4240 a
494 4185 618 4241 diacono
633 4183 748 4258 legatur
762 4183 951 4257 Evangeliam
1006 4184 1048 4239 tin
1063 4182 1221 4239 maluerint
1235 4199 1302 4239 cum
1318 4199 1435 4239 summo
1450 4181 1606 4255 vigilantes
1616 4181 1733 4240 silentio
1743 4183 1832 4256 (quod

128 4274 217 4336 terta
231 4277 330 4347 multos,
346 4293 440 4349 usque
453 4275 573 4332 monam
588 4283 657 4333 totus
674 4284 736 4349 post
759 4277 850 4348 ipsum
872 4275 951 4342 obiit,
1007 4288 1108 4328 eorum
1125 4271 1280 4328 animabus
1292 4271 1417 4344 expedit,
1436 4288 1522 4327 mane
1539 4272 1614 4327 iacto
1630 4271 1659 4327 in
1674 4288 1759 4328 omna
1773 4272 1833 4328 Do·

126 4366 205 4441 quod
226 4368 368 4440 sequetur
391 4363 557 4421 benedictio
581 4363 764 4436 palmarum;
782 4367 848 4436 post
862 4363 952 4419 bone-
1006 4352 1079 4416 mini
1095 4361 1268 4416 conveniant
1282 4361 1318 4417 ad
1335 4361 1470 4432 Primum,
1487 4378 1546 4433 quo
1570 4377 1674 4417 sonore
1697 4360 1787 4430 dicta,
1803 4364 1834 4418 et

126 4455 294 4513 dictionem.
304 4455 498 4527 asperguntur
513 4452 668 4510 benedicta
677 4470 763 4527 aqna,
776 4457 805 4508 et
815 4452 884 4508 thus
895 4469 954 4508 ere·
1007 4450 1147 4507 canonico
1169 4467 1261 4518 more,
1276 4450 1388 4506 scilieet
1411 4451 1481 4506 Deus
1505 4453 1535 4505 m
1558 4457 1668 4506 nornine
1682 4458 1739 4515 tuo,
1755 4449 1833 4505 Beati

126 4546 236 4615 sinetur,
252 4542 357 4599 debinc
369 4541 954 4615 puorisinchoantibusantiphonasPueri
968 4565 992 4631 D
1008 4541 1187 4609 intumentia,
1204 4557 1297 4611 usquc
1317 4540 1411 4611 Lepore
1432 4556 1511 4611 ponc.
1529 4541 1610 4595 Tune
1633 4539 1711 4596 dieto
1734 4555 1831 4606 versu,
1861 4554 1864 4559 ·

125 4625 307 4700 hebreorum,
322 4631 539 4688 distribuantur
562 4630 631 4704 ipsa¹
655 4631 769 4705 palme,
787 4634 815 4685 et
834 4630 875 4686 sic
891 4648 953 4687 mn-
1008 4646 1085 4703 gena
1101 4630 1172 4686 lieno
1186 4634 1326 4703 peragant
1341 4632 1444 4686 catera
1459 4630 1595 4700 silenter;
1612 4633 1678 4703 post
1691 4631 1773 4687 Potor
1786 4643 1834 4685 no·

122 4722 241 4803 loribus
256 4720 425 4796 antiphonis
441 4720 566 4777 initiatis
585 4721 789 4794 egredientem
806 4720 954 4776 venientes
1009 4728 1073 4788 ster,
1090 4719 1198 4774 dicitnr
1213 4718 1343 4788 silenter,
1358 4720 1430 4776 Vivet
1439 4723 1535 4776 animo
1547 4736 1616 4788 neoc,
1627 4727 1654 4776 et
1663 4718 1787 4776 laudubit
1796 4725 1832 4784 te,

126 4817 196 4870 ante
211 4809 367 4870 ecelesiam
383 4809 559 4880 subsistant,
572 4811 662 4866 donec
677 4809 759 4882 pueri
772 4810 820 4881 qui
833 4826 953 4881 procos·
1010 4826 1103 4881 usquc
1119 4809 1148 4864 in
1165 4810 1253 4863 tinem
1268 4808 1387 4879 psalmi,
1402 4809 1453 4864 sed
1475 4809 1572 4881 priora
1596 4809 1781 4880 perveniente
1796 4807 1833 4864 ad

126 4906 243 4970 serunt,
258 4901 424 4967 decantent,
443 4899 535 4956 Gloria
550 4900 620 4967 tous,
638 4916 704 4954 cum
715 4898 848 4955 versibus
859 4899 954 4953 omni·
1008 4896 1482 4970 eonl'essionislocumlaotosigno
1500 4902 1589 4969 agant
1609 4896 1834 4954 consessionem.

127 4990 194 5060 hus,
211 4989 291 5049 sicut
306 5005 370 5044 mos
384 4992 439 5058 est,
456 4989 526 5043 Laus
541 4991 569 5043 et
583 4987 675 5043 Gloria
689 4987 952 5059 respondentibus;
1009 4990 1040 5043 ln
1070 4985 1181 5044 ceteris
1210 4986 1291 5042 boris
1319 4985 1456 5041 similitor
1485 4986 1603 5041 residuo
1632 4986 1771 5059 capitula,
1798 4986 1834 5042 nd

127 5078 238 5157 quihus
254 5077 356 5146 linitis3
368 5076 527 5150 incipiente
542 5079 659 5132 cantore
674 5075 893 5148 responsorium
909 5077 953 5130 ln·
1011 5079 1136 5141 lentiore,
1153 5092 1170 5129 n
1186 5075 1279 5144 Lepore
1296 5089 1376 5146 ponc,
1393 5090 1485 5146 usque
1510 5075 1612 5146 Defecit
1635 5075 1789 5147 alto-voce,
1807 5079 1836 5130 ct

127 5164 266 5241 predimtc
281 5167 405 5234 annino,
422 5166 712 5240 aperienturportae3
731 5164 955 5238 ingressi,tlaito
1009 5182 1120 5233 versus,
1147 5169 1175 5218 et
1204 5166 1308 5218 cratere
1335 5162 1463 5218 silenter.
1488 5165 1530 5218 Ad
1559 5164 1670 5220 Sestion
1690 5165 1835 5237 allofccit,

127 5255 327 5335 responsorio,
337 5260 426 5329 agunt
436 5255 828 5328 sieutsnpradictumest,et
838 5257 956 5311 teneant
1011 5270 1103 5326 usqne
1119 5252 1153 5307 nd
1168 5252 1317 5307 llirobitin.
1333 5251 1376 5305 hd
1391 5251 1496 5306 Nonum
1510 5269 1528 5307 o
1542 5253 1681 5309 Mirebitio
1695 5269 1789 5323 usquc
1804 5252 1835 5309 in

128 5346 243 5421 palmas
252 5347 283 5402 in
293 5345 432 5402 monibus
442 5362 537 5417 usque
548 5346 618 5401 dum
630 5343 811 5399 offortorium
823 5349 954 5412 canetur,
1011 5347 1097 5400 linem
1109 5360 1116 5409 ;
1131 5341 1263 5412 Vespere
1279 5339 1414 5395 similiter
1424 5358 1529 5398 sonora
1540 5358 1620 5410 voco,
1631 5341 1836 5413 unusquisque

127 5440 217 5495 cteas
230 5439 299 5510 post
312 5433 489 5492 oblationem
505 5434 629 5491 etierunt
643 5433 799 5489 secerdoti.
811 5433 851 5488 lia
861 5432 907 5488 dio
918 5434 955 5489 ad
1011 5432 1143 5507 psalmus
1158 5446 1225 5485 cum
1241 5427 1413 5501 antiphona,
1425 5434 1454 5486 et
1468 5447 1570 5487 versus
1586 5434 1615 5486 ct
1634 5428 1835 5504 Evangelium,

128 5525 298 5600 passionem
313 5523 430 5593 dicitur,
441 5522 730 5594 coeremoniarum,
741 5522 793 5578 sed
805 5521 896 5579 Gloria
907 5522 957 5579 tibi
1011 5527 1040 5579 et
1054 5524 1157 5576 cetera
1170 5517 1301 5575 silenter.
1317 5517 1547 5592 completoriam
1570 5536 1652 5592 reque
1676 5535 1791 5590 sonoro,
1807 5525 1852 5585 ct,

126 5604 253 5692 domine,
269 5630 327 5674 non
342 5613 534 5690 respondetur
551 5631 557 5684 ;
574 5610 713 5673 similiter
727 5615 756 5674 et
780 5612 810 5673 in
836 5609 957 5694 reliquis
1011 5616 1078 5694 post
1096 5607 1227 5691 pdmum
1252 5605 1401 5688 psalmum
1423 5607 1564 5670 canonico
1592 5623 1718 5684 morona
1733 5616 1768 5682 u,
1783 5609 1836 5672 vo·

289 5742 606 5813 perronensem.
1651 5735 1700 5802 aa
