3900 6090
121 249 179 317 eii
709 251 911 317 aristeus
932 247 983 314 ΕΤ
1003 249 1237 322 salvitatis.
1760 244 1824 320 Biss

120 383 279 446 collemalo
295 385 325 442 iii
339 385 495 459 lntegrum.
512 389 584 442 Item
607 391 635 444 et
653 385 762 457 locum,
779 387 829 459 qui
846 390 874 443 et
889 386 944 441 Bo·
959 385 986 452 Α
1001 385 1196 457 possiderem
1206 392 1237 442 tu
1253 385 1341 442 etiam
1353 401 1404 458 pro
1414 385 1570 443 venerabili
1581 393 1631 445 tuo
1646 390 1821 447 monasterio

120 477 200 536 mani
212 480 331 532 vocatur
346 476 375 530 in
391 475 537 548 integrum
551 494 557 530 :
569 481 599 532 et
612 477 797 533 medietatem
813 477 848 532 de
863 475 943 543 villa,
997 474 1040 530 vel
1051 492 1235 532 successores
1247 476 1289 531 tui
1304 476 1653 548 abbates,possideantac
1663 479 1821 549 detineant,

120 585 184 641 quic
200 563 365 638 appellatur
379 565 459 636 Papi,
473 582 530 620 una
546 582 613 620 euin
628 566 728 621 lundis
741 569 770 621 et
784 564 942 632 casalibus,
999 570 1086 637 atquc
1099 564 1306 635 jurisdictione
1329 565 1357 618 in
1383 571 1557 636 perpetuum
1577 567 1705 623 fruentes
1725 570 1822 625 deien-

118 656 211 711 vineis
234 659 263 710 et
284 653 382 720 terris;
400 654 522 725 campis,
540 654 641 726 pratis,
659 655 786 727 pascuis,
804 660 832 710 et
851 654 942 721 silvis,
999 653 1153 719 dant,etiu
1164 653 1320 709 utilitatem
1330 653 1510 725 ejusdempii
1522 654 1576 710 loci
1587 657 1824 731 perenniterpro·

119 744 245 809 salectis,
264 743 404 812 sontibus
421 760 454 798 ac
470 742 549 808 rivis,
566 760 634 799 cuni
650 743 817 815 aquimolis,
832 749 860 800 ct
876 760 942 799 cuin
998 741 1168 796 ficiuntPre
1179 742 1334 813 quostiam
1346 743 1497 796 subdirini
1505 743 1609 813 judieii
1631 745 1823 804 obtestatione

116 832 256 890 omnihus
267 847 319 903 pro
331 830 456 902 singulis
466 830 547 898 locis,
561 837 589 887 et
599 832 747 887 vocabulis
759 831 942 905 generaliter,
999 829 1218 902 promulgantes
1235 830 1428 892 derernimus.
1442 837 1472 885 ut
1489 830 1567 885 nulla
1582 850 1711 903 unquam
1729 837 1824 907 eujus

117 928 147 979 et
158 922 186 976 in
198 921 343 992 integrum
357 920 800 992 pertinentibus.Omnihusjam
810 921 895 975 dictis
906 920 944 975 lo·
999 934 1055 989 que
1071 918 1194 989 publica
1211 917 1377 973 altitudinis
1393 918 1520 973 virorum
1539 921 1597 975 sive
1609 922 1822 993 mulierum‚vel

116 1011 159 1066 cis
172 1009 317 1065 territorio
330 1008 485 1063 Tiburtino
497 1008 559 1063 sitae
573 1013 652 1064 sunt.
664 1012 699 1064 nt
715 1026 780 1064 vero
797 1014 825 1065 ei
840 1010 943 1064 confir·
999 1008 1088 1061 etiam
1099 1007 1157 1060 alia
1167 1008 1380 1077 cujuscumque
1392 1006 1429 1061 sit
1442 1006 1593 1078 dignitatis
1605 1026 1711 1081 inagna
1723 1030 1823 1083 parra·

117 1115 235 1155 mamus
243 1096 828 1168 vobisvestrisquesuccessoribuscellanr
838 1103 944 1154 sancte
1000 1110 1057 1167 que
1068 1111 1202 1167 persona,
1216 1094 1434 1167 quomodolibet
1445 1095 1682 1164 jurisdictionem
1694 1116 1825 1158 exercerc

117 1188 262 1252 Barbarie,
279 1202 342 1257 qum
359 1190 403 1240 est
418 1184 494 1241 intro
515 1187 630 1242 civitate
645 1186 809 1252 Tiburtina,
827 1189 855 1242 iii
872 1187 944 1241 inte·
1001 1185 1030 1238 in
1042 1185 1105 1255 jain
1117 1184 1194 1239 dicto
1206 1184 1381 1239 monasterio
1393 1184 1436 1237 vel
1450 1184 1479 1239 iii
1490 1185 1628 1250 castellis,
1638 1189 1825 1250 mamistan·

117 1292 203 1350 gruni
219 1290 287 1329 cum
303 1273 441 1328 domibus
464 1279 492 1329 et
517 1274 598 1330 collis
623 1274 699 1330 intra
724 1293 754 1331 se
779 1293 846 1329 cuin
863 1275 945 1346 aqui·
1000 1272 1057 1338 dis,
1075 1277 1104 1328 et
1119 1272 1279 1337 casalibus,
1296 1272 1412 1344 praediis
1429 1273 1516 1328 cultis
1540 1277 1568 1328 et
1592 1274 1720 1340 incultis,
1736 1276 1779 1332 vel
1796 1281 1824 1334 in

116 1364 203 1421 molis
228 1362 291 1418 suis
316 1362 393 1417 intre
424 1363 526 1418 eadem
551 1363 668 1418 civitate
687 1369 716 1418 et
735 1363 852 1432 deforis,
878 1379 946 1419 eum
1002 1360 1097 1432 aquis,
1115 1360 1302 1426 molendinis,
1319 1365 1346 1414 et
1366 1361 1510 1433 piscariis,
1526 1361 1569 1417 vel
1591 1363 1619 1416 in
1641 1364 1738 1435 aliqua
1759 1382 1826 1438 pos-

116 1452 217 1508 fundis
231 1455 260 1507 et
273 1449 434 1519 casalibuS,
448 1452 540 1506 vineis
555 1456 584 1506 et
599 1453 694 1519 terris,
706 1454 829 1525 campis,
844 1452 945 1531 pratis,
1002 1449 1144 1515 sessione,
1162 1466 1214 1504 seu
1236 1450 1324 1504 etiam
1341 1449 1370 1504 in
1386 1449 1508 1505 diversis
1533 1450 1631 1515 rebus,
1647 1453 1826 1527 ubicumque

117 1540 239 1614 pascuis
264 1543 293 1594 et
318 1538 409 1604 silvis,
426 1555 494 1594 euin
518 1541 598 1596 enini
629 1557 683 1596 sua
708 1541 883 1613 pertinentia
903 1541 946 1596 vel
1002 1538 1130 1595 detinere
1145 1538 1297 1603 videmini,
1309 1555 1361 1592 nec
1381 1537 1533 1609 quidpiam
1555 1539 1659 1594 borum
1675 1557 1709 1596 eii
1723 1542 1825 1599 eodem

118 1629 293 1701 adjacentia.
310 1628 374 1682 Sive
388 1630 477 1684 etiam
498 1634 525 1683 et
546 1630 622 1685 intra
640 1629 729 1702 huJ‘us
751 1630 833 1686 alme
849 1629 947 1685 Roma
1002 1627 1065 1684 loco
1082 1629 1205 1694 auferre,
1223 1632 1274 1681 aut
1290 1627 1416 1698 diripere
1440 1631 1607 1696 prasumat,
1621 1645 1714 1698 neque
1735 1629 1825 1688 ullam

119 1718 331 1775 confirmamus
343 1717 426 1771 vobis
437 1717 539 1772 cellam
550 1718 642 1773 sancti
657 1718 780 1786 Erasini,
793 1735 856 1791 quai
868 1719 948 1791 poni·
1003 1716 1216 1786 lesionem,eut
1232 1715 1469 1771 contrarietatem
1491 1715 1609 1771 malitia
1626 1717 1655 1772 iii
1671 1717 1734 1790 ipso
1750 1718 1826 1775 beati

119 1810 169 1862 tur
183 1804 213 1860 in
229 1804 306 1860 Celio
323 1808 432 1871 monte,
449 1820 518 1860 cum
534 1805 681 1873 domibus,
699 1805 772 1865 cella
785 1805 906 1873 maaria,
919 1811 947 1861 et
1002 1805 1150 1861 Benedicti
1163 1803 1340 1858 monasterio
1358 1808 1446 1873 atque
1457 1803 1595 1858 omuibus
1616 1810 1646 1859 ut
1667 1822 1757 1878 supra
1774 1823 1825 1863 an·

120 1892 219 1960 fenile,
236 1909 304 1949 cuin
328 1891 421 1949 hortis
436 1897 464 1949 et
478 1895 570 1949 vineis
589 1894 667 1950 circa
682 1912 722 1963 se,
740 1911 807 1950 cum
834 1894 946 1951 arbori·
1002 1893 1083 1950 aeriis
1102 1895 1145 1948 eis
1165 1890 1389 1964 pertinentibus,
1401 1907 1517 1962 quoque
1536 1890 1663 1964 ingenio,
1676 1899 1826 1968 autsrgu-

122 1984 179 2040 bus
194 1981 349 2049 olivarum,
365 1987 393 2036 et
412 1982 528 2038 diversa
546 1998 653 2053 genera
671 1982 809 2038 arborum
825 1984 946 2055 pomile·
1003 1986 1101 2040 mento
1111 1982 1218 2038 inferre
1229 1980 1343 2036 audeat.
1355 1978 1453 2035 Potius
1464 1983 1562 2034 autem
1569 1981 1637 2050 jure
1647 1987 1786 2054 perpetuo
1797 1984 1827 2041 iii

122 2087 234 2137 rorum,
250 2073 360 2125 etcum
375 2071 592 2126 ceterisvinois
608 2075 637 2126 et
659 2071 821 2140 casalibus,
837 2072 949 2128 scilicet
1001 2073 1104 2129 eodem
1114 2067 1272 2126 venerabili
1292 2066 1480 2135 monasterio,
1491 2072 1524 2122 ut
1539 2070 1675 2140 superius
1696 2071 1826 2128 affictum

122 2163 253 2234 pratum,
266 2158 344 2231 quod
360 2159 479 2230 ponitur
490 2159 560 2214 soris
572 2164 660 2231 ponte
669 2159 790 2229 Salaria,
802 2161 946 2232 eleasale,
1003 2166 1056 2228 est,
1065 2158 1207 2232 proficiat,
1215 2162 1243 2212 et
1254 2156 1391 2229 potestati
1403 2160 1489 2227 atque
1498 2156 1601 2212 ditioni
1613 2158 1726 2225 ture,vel
1737 2159 1829 2215 omni·

123 2249 202 2321 quod
218 2248 340 2320 ponitur
353 2248 492 2318 Aquario,
508 2253 537 2302 et
552 2246 608 2302 alio
623 2246 730 2316 casale,
741 2249 818 2320 quod
830 2254 950 2305 vocatur
1003 2251 1059 2306 bus
1075 2245 1295 2303 successoribus
1306 2243 1365 2298 tuis
1382 2243 1538 2298 abbatibus
1553 2248 1689 2316 perennis
1710 2263 1827 2319 perma-

123 2336 247 2404 Quinto;
263 2340 292 2391 ot
307 2336 337 2390 in
353 2334 517 2391 Albaneusc
535 2336 680 2394 territorio
695 2339 796 2408 vineas,
808 2357 871 2412 qum
887 2341 949 2411 sitis
1004 2333 1346 2408 ucatdisponendiatque
1355 2331 1522 2404 possidendi
1532 2333 1829 2407 facultasSiquisau·

125 2428 196 2482 sunt
212 2425 409 2496 scriptaque
429 2430 549 2480 vocatur
552 2466 619 2480 ......
635 2426 753 2483 aSilice
773 2427 947 2495 Albanense,
1003 2422 1158 2495 tem(quod
1168 2437 1225 2477 non
1234 2420 1621 2493 optamusltemeraiioausu
1630 2422 1829 2496 contrahique

124 2519 155 2572 ot
171 2514 201 2568 iii
215 2511 289 2580 loco,
301 2514 351 2585 qui
374 2513 537 2585 appellatur
551 2515 691 2583 Zinzinni,
703 2516 747 2571 vel
773 2518 803 2571 in
827 2516 950 2573 diversis
1004 2519 1110 2570 nostra
1131 2508 1296 2583 apostolice
1311 2506 1513 2579 preceptionis
1529 2508 1635 2564 seriem
1651 2510 1697 2580 pie
1712 2527 1729 2566 a
1745 2512 1829 2568 nobi·

123 2602 197 2660 locis
208 2601 268 2657 sive
277 2601 437 2668 vocabulis,
448 2602 626 2675 ubicumque
639 2604 761 2660 inveniri
772 2602 815 2660 vol
831 2605 949 2676 reperiri
1005 2599 1219 2675 promulgatam
1232 2595 1338 2660 venire,
1351 2594 1395 2650 vel
1410 2593 1525 2667 litigare
1534 2599 1699 2665 tentaverit,
1711 2599 1786 2654 sciat
1798 2616 1829 2656 se

124 2691 241 2767 possint
250 2689 468 2762 perquemlihet
476 2691 579 2746 seriem
589 2692 842 2763 scripturarumad
852 2694 949 2766 ipsum
1005 2689 1120 2748 Domini
1136 2687 1228 2743 nostri
1245 2690 1273 2739 et
1286 2683 1484 2756 apestolorum
1500 2683 1642 2756 principis
1665 2685 1740 2742 Petri
1763 2703 1830 2745 aaa·

125 2781 208 2855 pium
225 2794 258 2834 ac
267 2779 462 2834 venerabilem
479 2779 575 2836 locum
591 2781 779 2852 pertinentes,
792 2782 848 2838 sub
858 2782 950 2853 juris·
1005 2777 1144 2836 thematis
1155 2773 1270 2831 vinculo
1285 2771 1469 2837 innodatum,
1482 2777 1588 2827 etcum
1599 2773 1830 2846 diaholoeteiua

126 2869 358 2927 dictionevestra
367 2885 482 2941 semper
492 2870 829 2943 persistant,apraesenti
837 2871 952 2927 decima
1006 2864 1198 2925 atrocissimis
1218 2862 1322 2934 poenis,
1335 2863 1422 2932 atque
1438 2876 1505 2914 cuin
1524 2859 1602 2916 luda
1619 2861 1759 2919 traditore
1774 2862 1829 2919 Bo·

126 2956 295 3024 indictione,
308 2961 337 3013 et
353 2974 443 3030 usque
460 2959 489 3012 in
505 2964 678 3030 perpetuum
694 2959 777 3017 vobis
790 2959 952 3033 vestrisque
1006 2956 1079 3013 mini
1089 2953 1181 3011 nostri
1194 2948 1389 3007 etSalvatoris
1399 2949 1469 3004 lesu
1481 2947 1588 3004 Christi
1604 2948 1633 3004 in
1648 2950 1830 3025 eternoignc

127 3044 348 3104 successoribus
364 3045 520 3102 abhatibus
536 3064 604 3103 eum
622 3048 727 3104 timore
743 3049 903 3123 regendum
919 3066 952 3105 ac
1007 3036 1451 3109 concremandum‚⁵imulqu⁰el
1461 3035 1491 3092 1¹¹
1499 3037 1636 3109 V⁰lstgifl⁰
1648 3042 1831 3110 tartareo(lul

128 3112 989 3210 reguianteraisponenaum‚eonvenitievereniiaevestraeC
1008 3135 1096 3193 chaos
1107 3133 1274 3188 demersum
1290 3143 1358 3182 cum
1374 3124 1473 3198 impiis
1489 3124 1688 3197 plectendum.
1701 3126 1754 3193 Oui
1765 3143 1831 3183 vero

128 3241 184 3282 nos
194 3223 376 3296 implorasse,
390 3228 418 3279 at
429 3225 618 3297 sepedictum
632 3227 843 3283 monasterium
859 3229 952 3284 sancti
1007 3221 1171 3298 piointuitu
1181 3213 1529 3274 custodesetobedicates
1537 3218 1625 3285 atque
1632 3215 1833 3272 observatores

128 3311 277 3371 Benedicti
292 3317 320 3367 et
342 3318 450 3369 sancta
465 3313 651 3370 Scholastica
672 3315 836 3387 apostolicae
852 3321 952 3373 aucto·
1007 3313 1097 3384 hujus
1112 3313 1219 3365 nostra
1235 3304 1391 3360 salutifera
1403 3302 1606 3374 preceptionis
1622 3302 1774 3373 exstiterit,
1787 3303 1833 3361 be

129 3401 224 3459 ritatis
236 3401 310 3457 serie
328 3403 544 3470 muniamus,et
556 3403 655 3459 omnia
668 3409 697 3460 et
716 3405 893 3476 pertinentia
903 3421 952 3477 pe·
1007 3397 1182 3458 nedictiouis
1199 3394 1323 3468 gratiam
1335 3397 1363 3448 ct
1373 3390 1498 3447 coelestis
1513 3390 1714 3447 retributionis
1724 3396 1833 3450 eterno

130 3489 213 3544 renui
225 3490 293 3560 jure
308 3490 512 3547 iuviolabiliter
525 3493 723 3564 permanenda
734 3493 952 3549 confirmemus.
1007 3489 1115 3565 gaudia
1130 3504 1147 3542 a
1158 3487 1239 3559 justo
1254 3483 1357 3538 iudice
1378 3480 1501 3535 Domino
1526 3484 1625 3537 nostro
1649 3481 1790 3553 consequi
1804 3487 1833 3538 et

130 3577 360 3650 Proptereatleiii
373 3580 508 3651 precihus
519 3581 578 3635 tuis
589 3597 640 3652 per
649 3579 738 3651 hujus
752 3580 954 3653 preceptionis
1006 3580 1071 3635 vita
1086 3581 1199 3631 aeternis
1215 3568 1360 3644 particeps
1376 3567 1450 3622 effici
1467 3573 1621 3623 mereatur.

130 3666 271 3739 paginam
287 3672 450 3723 statuentes
461 3669 657 3736 decernimus,
670 3674 702 3723 ut
716 3673 822 3725 cuncta
836 3669 955 3726 looaur
1044 3665 1192 3734 Scriptum
1208 3675 1259 3731 per
1278 3672 1398 3712 inanum
1424 3656 1570 3710 Benedicti
1592 3656 1741 3712 Scriniarii
1764 3657 1833 3713 sani

130 3755 209 3811 bans
223 3755 267 3811 vel
282 3756 439 3823 rusticana,
458 3757 486 3813 id
507 3763 551 3813 est
573 3774 697 3824 massas,
714 3756 835 3829 casales,
846 3757 891 3813 vel
907 3774 954 3813 ca·
1009 3760 1061 3810 ctis
1077 3753 1214 3808 Romana
1229 3744 1374 3811 Ecclesia,
1389 3743 1419 3798 in
1435 3759 1535 3799 mense
1550 3744 1725 3814 Septembri,
1743 3744 1834 3801 India·

131 3842 349 3911 stella‚diversa
363 3845 473 3917 pradia
484 3846 563 3900 culta
577 3844 619 3901 vel
636 3845 832 3917 incultaque
845 3863 956 3918 ponun-
1010 3845 1087 3900 tione
1102 3859 1129 3897 ii.
1233 3917 1239 3927 Ι

130 3935 182 3989 tur
195 3949 246 4004 per
255 3931 320 3988 loca
328 3938 357 3988 et
367 3932 518 4002 voeabula,
529 3951 593 4005 que
604 3934 740 4006 superius
750 3936 902 4007 premissa
912 3934 954 3991 vel
1047 3934 1123 3988 Bene
1137 3928 1241 3983 valete.

133 4021 285 4077 nominata
300 4028 379 4090 sunt,
395 4021 480 4078 sicuti
498 4041 514 4078 a
529 4023 727 4095 pontificibus,
745 4023 924 4096 regibus‚vcl
940 4042 957 4080 a
1047 4023 1154 4080 Datum
1171 4035 1199 4073 iv
1213 4012 1356 4072 llalcndas
1372 4010 1441 4066 Julii
1458 4027 1509 4083 per
1525 4026 1631 4065 manus
1646 4010 1767 4067 loannis
1778 4010 1836 4084 epi-

132 4110 226 4166 Deum
236 4110 409 4167 timentibus
421 4112 449 4166 in
461 4113 562 4168 eodem
572 4112 729 4169 venerabili
746 4113 807 4169 loco
819 4129 958 4170 concessa
1012 4111 1092 4184 scopi
1109 4112 1215 4164 sancte
1231 4099 1405 4158 Albanensis
1429 4099 1563 4155 Ecclesia
1578 4103 1607 4154 et
1621 4098 1835 4168 bibliothecarl,

133 4199 266 4266 sunt,vel
277 4201 365 4256 etiam
377 4202 510 4272 peralies
526 4202 653 4257 rationes
663 4203 745 4274 juste
757 4203 828 4258 inibi
840 4205 959 4259 adiens
1013 4216 1137 4258 summai
1160 4201 1195 4271 ct
1213 4189 1377 4265 apostolicas
1406 4189 1485 4245 sedis
1514 4188 1675 4257 anno,I)eo
1700 4189 1836 4261 propiti⁰i

134 4291 215 4353 runt,
226 4287 411 4344 sicutomnia
426 4292 579 4362 prelatum
591 4295 675 4346 tuum
691 4291 902 4347 monasterium
914 4293 961 4348 de
1014 4290 1202 4363 pontificatus
1218 4279 1318 4336 domni
1335 4278 1465 4350 Gregorii
1482 4276 1505 4330 V
1521 4276 1629 4333 summi
1649 4275 1795 4347 pontificis
1811 4281 1840 4332 et

133 4376 225 4433 tinuit
239 4377 421 4448 temporibus
437 4384 543 4435 sancte
559 4379 770 4435 recordationis
786 4379 960 4453 Gregoriiet
1015 4373 1188 4434 universalis
1214 4386 1293 4443 pape
1309 4367 1338 4421 in
1356 4364 1556 4422 sacratissima
1571 4366 1638 4420 sede
1662 4363 1738 4420 beati
1763 4363 1839 4419 Petri

134 4464 280 4522 Zacharia
304 4471 334 4521 et
350 4466 459 4522 Nicolai
479 4458 558 4539 papie
579 4469 824 4540 predecessorum
843 4475 960 4525 nostro·
978 4479 1001 4546 1)
1017 4464 1150 4540 apostoli,
1169 4477 1245 4517 anno
1260 4457 1365 4530 primo,
1381 4453 1540 4510 indictione
1556 4470 1573 4507 x
1588 4453 1636 4525 (6).

136 4569 214 4619 rum,
223 4553 264 4609 ita
274 4557 303 4610 et
315 4572 394 4611 nunc
402 4573 469 4612 euin
482 4572 590 4630 magna
600 4556 756 4613 securitate
765 4556 964 4629 quietevaleat

173 4676 210 4748 (6)
226 4675 378 4750 Ughellius
394 4680 469 4736 hanc
485 4681 579 4764 ipsam
595 4678 708 4736 bullam
730 4697 787 4752 pra
803 4681 895 4737 oculis
912 4681 963 4738 ha·

136 4748 222 4815 bens,
237 4748 379 4805 loannem
397 4752 516 4807 intrusit
536 4754 564 4807 in
580 4751 744 4824 catalogum
760 4752 963 4824 episcoporum

136 4817 348 4875 Alhauensium
360 4824 396 4877 ad
409 4840 519 4878 annum
530 4827 593 4890 828,
602 4829 681 4880 tomo
693 4824 704 4879 1
715 4822 780 4878 ital.
791 4824 895 4880 Saore.
907 4824 964 4880 Sed

136 4888 165 4946 is
178 4889 299 4946 fallitur.
311 4892 374 4948 Non
385 4894 421 4949 ad
432 4895 603 4967 Gregorium
619 4899 769 4966 quartum,
784 4895 834 4950 sed
845 4895 964 4967 quidem

139 4960 176 5016 ad
187 4959 336 5041 quintum,
347 4963 450 5020 littera·
466 4965 527 5020 istie
538 4966 574 5034 (si
590 4969 688 5021 tamen
700 4964 781 5020 omni
797 4966 965 5038 suspicione

138 5030 205 5087 falsi
222 5048 271 5087 eas
286 5050 384 5089 carere
400 5040 498 5108 putas)
514 5036 670 5109 pertinent.
687 5035 786 5106 Neque
805 5036 884 5090 enim
901 5053 966 5093 con-

138 5101 219 5181 venit
233 5101 384 5160 indictioni
400 5125 416 5161 x
433 5125 529 5164 annus
545 5107 659 5179 primus
674 5106 805 5178 Gregorii
822 5106 857 5161 lV
873 5123 965 5179 papae.

140 5173 236 5228 Facile
247 5178 345 5230 tamen
355 5193 435 5232 orror
444 5179 473 5233 in
485 5178 686 5250 apographum
699 5177 850 5247 irrepsisse
860 5177 966 5249 potuit.

139 5245 182 5300 ita
198 5251 237 5325 ut¹
245 5244 383 5304 librarius
408 5249 510 5332 legerit
524 5251 547 5304 X
562 5267 613 5321 pro
629 5248 663 5318 V,
680 5265 744 5320 quic
768 5248 872 5303 littera
893 5249 968 5304 inter

140 5331 173 5371 se
184 5314 267 5371 facile
278 5326 453 5376 commutari
464 5325 599 5392 possunt,
607 5323 635 5376 et
648 5321 684 5374 ad
697 5320 829 5374 eamdem
842 5319 967 5375 sormam

139 5385 201 5442 fero
228 5390 379 5446 accedunt.
401 5393 456 5448 Sed
486 5410 553 5447 oiim
578 5408 593 5446 e
619 5389 777 5446 Mahillonii
806 5390 968 5447 Annalibus

140 5461 231 5536 atque
246 5475 261 5513 c
277 5458 419 5518 Chronico
436 5463 607 5520 Sublacensi
628 5465 742 5517 constet
762 5477 837 5515 anno
852 5461 904 5514 osi
921 5463 969 5517 no-

140 5545 238 5586 ruisse
249 5529 780 5599 PetrumSublacensemabbatem;et
791 5549 968 5589 rursuscum

1018 4678 1207 4750 aGiampinio
1221 4673 1251 4727 in
1262 4670 1390 4751 Catalog.
1403 4668 1603 4725 bibliothecen
1619 4668 1647 4722 S.
1661 4668 1694 4722 B.
1708 4665 1740 4721 ll.
1753 4669 1841 4738 atqua

1019 4752 1055 4809 ab
1068 4753 1132 4832 ipso
1143 4744 1273 4828 Ughellio
1285 4741 1313 4796 in
1325 4741 1471 4813 episcopis
1480 4737 1694 4795 Albanensihus
1705 4735 1843 4817 certiores

1019 4825 1087 4880 iacti
1104 4821 1246 4876 fuerimus
1262 4813 1363 4869 eodem
1384 4828 1461 4867 anno
1477 4810 1610 4866 tloruisse
1624 4811 1766 4864 loannem
1781 4822 1841 4888 epi·

1020 4911 1068 4952 sco
1091 4910 1140 4948 um
1157 4888 1362 4950 elmanensem,
1378 4887 1407 4938 et
1422 4887 1530 4937 sancte
1550 4880 1687 4936 Romana
1707 4877 1843 4934 Ecclesiae

1020 4911 1285 5022 bihiiothccarium,
1302 4970 1349 5009 res
1370 4958 1468 5007 monet
1488 4952 1669 5007 referendam
1684 4966 1749 5031 esse
1768 4947 1844 5004 hanc

1021 5034 1131 5093 bullam
1143 5031 1179 5087 ad
1191 5024 1362 5097 Gregorium
1373 5023 1406 5091 V,
1420 5024 1469 5094 qui
1488 5023 1591 5078 iisdem
1607 5019 1789 5093 temporibus
1800 5036 1844 5074 ca·

1021 5107 1155 5163 thedrum
1172 5099 1246 5155 Petri
1268 5095 1452 5160 conscendit;
1469 5100 1497 5148 et
1516 5109 1567 5166 pro
1588 5093 1710 5173 Grcqarii
1724 5091 1759 5147 W
1773 5090 1845 5146 seri·

1021 5177 1150 5232 bendum
1168 5170 1296 5240 Greqorii'
1307 5167 1335 5222 V.
1348 5166 1399 5219 llic
1415 5171 1511 5220 autem
1528 5168 1713 5219 renuntiatus
1723 5165 1768 5217 est
1778 5177 1848 5241 pon-

1021 5249 1090 5305 titeii
1105 5257 1206 5300 mense
1229 5238 1303 5294 Maio
1326 5236 1394 5291 anni
1419 5236 1482 5293 996.
1498 5235 1655 5291 indictione
1670 5252 1708 5290 ix.
1725 5233 1763 5287 Br
1783 5247 1846 5287 oin

1022 5320 1077 5375 hae
1092 5313 1173 5373 hulla
1188 5311 1261 5366 alter
1275 5308 1550 5371 errorocccurrerit,
1562 5310 1649 5378 atque
1659 5309 1703 5361 est
1718 5320 1774 5358 scri
1796 5319 1847 5357 en·

1023 5391 1093 5446 duin
1118 5391 1169 5441 aut
1191 5397 1263 5437 antio
1286 5378 1481 5444 secundeum
1504 5377 1653 5432 indictione
1675 5394 1712 5431 ix.
1736 5374 1848 5430 Interea

1024 5452 1264 5518 animadverteris
1280 5467 1313 5506 ea
1325 5449 1412 5504 verba
1427 5466 1433 5502 ε
1451 5450 1482 5503 ln
1496 5457 1587 5504 nostro
1600 5449 1702 5520 palatio
1717 5446 1848 5518 composi·

1023 5542 1102 5588 teras
1115 5529 1214 5587 exonii
1229 5523 1293 5578 aori
1308 5523 1376 5577 cocti
1391 5521 1475 5576 liores
1490 5519 1567 5575 duas.
