3900 6090
117 227 177 288 aar
705 227 908 296 onerosa
930 201 980 290 si
1002 228 1239 293 rnrvnaon.
1762 240 1822 303 aaa
1883 227 1886 231 ’

117 365 172 417 aut
186 359 324 431 alienare,
338 368 388 420 aut
403 363 528 438 aliquem
543 368 745 439 cujuscunque
756 365 865 423 servitii
881 381 946 420 cen·
960 362 986 428 A
1001 366 1062 418 stra
1077 363 1192 420 dioecesi
1208 364 1298 422 ullam
1313 367 1369 422 sibi
1384 368 1531 426 vindicare
1545 369 1731 429 decernimus
1747 380 1824 448 pote-

118 467 188 506 sum
204 454 306 507 contra
319 452 373 520 sue,
384 453 428 509 vel
445 455 607 512 monastico
618 456 713 512 ordini
730 455 758 510 in
770 455 867 528 aliquo
881 471 947 510 con·
1000 456 1121 519 statem,
1138 454 1269 526 quinimo
1291 459 1319 511 et
1336 457 1408 528 ipsis
1423 463 1451 513 et
1466 460 1603 516 omnibus
1619 463 1739 520 omniuo
1754 481 1822 520 sua·

118 538 245 595 tracium
265 539 379 613 exigere
396 560 402 598 :
420 544 470 599 sed
495 544 663 617 quicunque
688 545 782 601 eidam
807 542 946 616 pradicto
1001 541 1105 597 demus
1118 542 1281 600 cultoribus
1292 562 1364 600 vera
1381 546 1541 619 religionis,
1552 554 1584 603 ut
1598 551 1778 622 adjutorium
1794 557 1824 610 et

118 627 184 683 loco
199 631 228 683 et
247 632 464 703 congregationi
486 634 580 689 devoti
600 633 761 701 existerint,
778 637 806 688 et
826 630 945 704 aliquod
1001 630 1823 714 solatiarobisinomnibusadministrent‚quatenuspro

120 717 296 790 suffragium
322 720 419 787 verbo,
436 727 486 777 aut
501 740 597 795 opere,
619 728 670 779 aut
692 722 864 779 substantia
887 738 946 776 sua
1000 719 1095 790 gratia
1110 719 1198 790 hujus
1215 721 1347 777 beneficii
1364 722 1479 794 plenum
1492 726 1618 798 recipere
1632 730 1795 785 urorcedem
1807 749 1825 785 a

120 807 288 878 erogatione
299 808 485 879 contulerint,
498 813 572 884 apio
589 810 946 867 remuneratorcomnium
1002 809 1123 863 1111111110
1146 814 1321 878 remeantur,
1339 813 1477 882 quonium
1497 816 1596 871 omnia
1611 835 1674 888 qua
1696 819 1824 889 proficua

120 894 947 969 Dominosupernaborrerlictionisetuostraehnmilitatis
1001 897 1135 953 Ecclesia
1152 900 1313 969 paciantur
1336 900 1623 960 111111111111111111111
1647 924 1704 960 non
1728 906 1825 979 impu-

72 1032 74 1037 .
120 984 247 1056 gratiam
260 983 433 1057 percipiant.
442 988 470 1042 si
482 988 548 1059 quis
561 992 658 1042 autem
673 988 722 1058 huj
730 1007 763 1042 us
779 987 870 1042 nostri
889 986 946 1058 pri·
1001 992 1093 1059 gnaut
1104 988 1518 1058 pracrptiouilms,et't'ieienda
1528 998 1556 1046 et
1568 995 1723 1063 praebenda
1734 998 1826 1051 omni-

120 1069 220 1144 vilegii
236 1073 416 1129 sanctionem
428 1081 456 1131 et
467 1077 731 1131 corroborationem
749 1077 777 1131 in
795 1077 892 1148 aliquo
904 1092 946 1130 re·
1002 1076 1130 1148 potentis
1145 1076 1194 1130 Dei
1211 1077 1383 1132 rarrcteritute
1403 1083 1431 1132 et
1452 1080 1603 1135 heritarum
1625 1082 1825 1154 apostolorum

122 1159 237 1233 fregere
246 1161 289 1216 vel
301 1162 614 1235 infregercteutavcrit,
623 1166 658 1220 ab
669 1166 867 1238 omnipotente
879 1165 947 1231 Dee,
1003 1166 1078 1220 l‘otri
1094 1169 1122 1221 et
1138 1165 1217 1221 Parrli
1239 1183 1302 1221 esse
1322 1184 1380 1221 non
1400 1168 1582 1224 dubitamus.
1599 1172 1634 1226 Et
1653 1171 1707 1227 hoc
1728 1177 1826 1230 nestro

124 1248 208 1304 Patre
224 1255 253 1306 et
267 1249 340 1306 Filio
362 1255 391 1307 et
410 1252 519 1325 Spiritu
539 1259 651 1321 sancto,
667 1260 808 1327 perpetua
827 1253 947 1310 1111111111-
1002 1255 1118 1310 decreto
1133 1255 1319 1311 decernimus
1339 1258 1502 1311 seeundum
1522 1261 1724 1329 praenominati
1745 1263 1827 1319 hona

124 1337 222 1394 ctione
237 1338 407 1406 damnatus,
423 1346 451 1397 ct
465 1360 482 1397 a
497 1347 604 1399 sancta
626 1342 760 1400 Ecclesia
774 1344 949 1417 gremioex·
1004 1343 1150 1399 memoria
1165 1343 1276 1399 Nicolai
1286 1348 1315 1400 et
1328 1345 1442 1418 Agapiti
1459 1362 1539 1418 papa
1555 1349 1736 1405 sanctionem
1748 1351 1827 1423 ipsas

126 1424 241 1499 pulsus,
258 1444 325 1484 curn
342 1428 442 1502 impiis
462 1435 491 1487 ot
510 1431 667 1488 homicidis
686 1432 819 1489 tradatur
834 1430 949 1488 diabolo
1003 1432 1144 1489 dioceses.
1166 1433 1478 1507 llammahurgensem.
1499 1479 1505 1491 .
1524 1476 1530 1489 .
1550 1477 1556 1490 .
1581 1438 1747 1510 Apostotioa
1771 1441 1827 1497 ita·
1894 1500 1896 1505 s

124 1516 305 1589 perennibus
315 1516 455 1591 gehenna
467 1520 609 1578 incendiis
621 1522 863 1578 concremandus
873 1522 950 1578 Bene
1003 1538 1060 1594 que
1075 1522 1261 1591 auctoritate,
1272 1522 1524 1579 Halverstadensis
1540 1525 1673 1582 Ecclesia
1689 1531 1717 1583 et
1731 1528 1828 1586 Hilde-

122 1603 228 1662 valete.
1004 1610 1205 1667 neshemensis
1221 1616 1250 1667 et
1265 1612 1550 1670 Pathrobrunnensis
1560 1620 1590 1670 et
1603 1614 1764 1673 blindansis
1778 1618 1829 1674 Ec·

158 1694 345 1773 Rescriptum
361 1714 413 1770 por
425 1714 546 1754 manum
559 1699 700 1771 Stephani
713 1701 786 1756 sacri
803 1699 948 1757 scriniarii
965 1733 989 1799 B
1004 1699 1159 1757 etesiarum
1175 1701 1320 1773 episeopis
1335 1701 1457 1773 insuper
1471 1703 1611 1773 jubemus
1626 1708 1712 1777 atque
1728 1722 1827 1762 mone·

120 1787 230 1840 sancta
244 1785 380 1841 Romana
392 1785 526 1843 Ecclesia
543 1788 572 1843 in
588 1805 688 1845 mense
703 1788 792 1855 lulio,
806 1789 835 1844 in
847 1804 948 1844 mense
1003 1806 1081 1857 mus,
1093 1794 1126 1844 ut
1140 1806 1190 1844 ros
1206 1789 1235 1844 in
1252 1789 1390 1845 omnibus
1410 1791 1558 1861 adjuvent,
1571 1796 1717 1863 quotenus
1731 1811 1827 1850 saeer-

119 1873 224 1944 quinto
235 1872 295 1947 [lep.
314 1874 421 1931 videtur
435 1877 464 1931 in
481 1893 581 1933 mense
597 1894 616 1945 1,
635 1878 793 1934 indictione
809 1877 847 1950 vl.

493 1981 568 2038 Vlll.

119 2085 239 2125 tuturus
255 2087 335 2126 PAPAE
349 2088 386 2126 XV
397 2087 582 2129 Pervicuetuu
599 2089 654 2129 PRO
669 2089 800 2129 accessio
816 2089 948 2129 eleusus-

485 2160 579 2199 GENSI.

434 2233 537 2301 (Anno
551 2231 636 2302 989).

226 2319 319 2392 {Apud
335 2319 535 2393 Lappenberg,
552 2321 652 2377 Hcmt.
671 2320 735 2379 cre.
752 2321 773 2390 1,
789 2322 845 2388 es]

1003 1876 1099 1933 dotale
1115 1877 1313 1933 ministerium
1326 1878 1440 1950 explere
1456 1883 1485 1934 et
1495 1880 1662 1936 animorum
1677 1882 1758 1938 lucra
1772 1883 1827 1939 Do·

1003 1967 1083 2022 mino
1103 1967 1173 2022 Jesu
1188 1965 1304 2021 Christo
1325 1966 1440 2021 lucilius
1460 1968 1614 2038 adquirere
1629 1968 1760 2040 valeatis,
1776 1988 1827 2026 vo-

1003 2055 1049 2111 bis
1064 2054 1277 2110 adminiculum
1290 2054 1437 2127 prebeant
1452 2054 1481 2108 in
1496 2057 1644 2114 omnihus.
1656 2058 1703 2115 Sic
1718 2063 1828 2131 tamem

1003 2148 1035 2198 ut
1050 2161 1110 2211 eos,
1127 2160 1201 2216 quos
1218 2144 1383 2216 adquiratis
1402 2149 1430 2199 ct
1449 2162 1523 2216 quos
1543 2146 1674 2203 habeatis
1694 2165 1746 2220 per
1762 2165 1828 2221 gru·

1003 2232 1074 2288 tiam
1090 2232 1197 2287 Christi
1218 2231 1392 2305 adquisitos,
1408 2239 1504 2289 vestro
1524 2240 1747 2309 vestrorumque
1761 2253 1828 2293 suc·

1003 2338 1152 2377 cessorem
1165 2320 1428 2394 archiepiscopatui
1441 2323 1588 2394 subjectos
1601 2342 1772 2397 permanere
1782 2328 1830 2384 de

158 2406 287 2464 tonsuras
303 2407 468 2481 episcopus,
480 2426 582 2466 servus
597 2427 747 2467 servorum
764 2411 825 2479 Dei,
843 2409 948 2466 dilecto
1003 2409 1161 2477 cernimus,
1186 2427 1204 2464 a
1224 2409 1338 2466 Christo
1363 2415 1479 2466 tantum
1505 2414 1648 2485 recepturi
1673 2415 1827 2487 premium

122 2495 263 2551 confratri
279 2501 379 2553 nostre
392 2498 551 2567 Lrsurzoar,
561 2498 718 2555 vonerabili
729 2499 948 2572 archiepiscopo
1003 2499 1262 2571 remunerationis,
1272 2500 1522 2572 quemadmodum
1533 2500 1699 2559 Christiana
1713 2521 1746 2559 ec
1761 2521 1829 2561 vera

122 2584 356 2657 llamhurgensis
371 2585 517 2653 Ecclesia,
534 2588 596 2645 suis
611 2587 674 2661 [leq.
687 2588 819 2663 suisque]
836 2605 948 2646 succes·
1003 2589 1087 2643 docet
1101 2585 1202 2659 religio
1219 2604 1225 2642 :
1242 2589 1289 2653 lte,
1306 2587 1395 2643 docete
1408 2605 1500 2644 amnes
1514 2597 1605 2660 penta
1615 2589 1717 2662 (1111911.
1728 2609 1826 2662 11111111,

121 2673 242 2730 caribus
256 2674 286 2729 in
301 2679 485 2748 perpetuum.
1005 2672 1059 2745 19.)
1077 2673 1178 2744 ltaque
1193 2675 1326 2746 quamvis
1349 2675 1385 2730 ad
1405 2675 1624 2748 pradicandum
1644 2679 1782 2751 gentihus
1797 2681 1827 2735 in

158 2762 299 2820 Convenit
308 2763 467 2835 apostolico
476 2766 669 2822 moderamini
682 2767 731 2840 pie
741 2766 880 2840 religione
891 2765 950 2838 pol·
1003 2762 1181 2833 supradictis
1193 2762 1264 2817 locis
1275 2762 1403 2836 episcopi
1419 2764 1480 2820 sint
1491 2766 1652 2821 consecrati
1668 2770 1755 2840 atque
1766 2766 1829 2841 plu-

120 2850 253 2908 lentibus
261 2851 785 2927 benivolacompassionesuccurrere
793 2859 822 2911 et
831 2872 950 2928 posecn·
1004 2870 1050 2907 rcs
1065 2851 1095 2905 in
1111 2850 1170 2906 illis
1185 2850 1318 2923 partibus
1334 2853 1535 2921 consecrandi,
1552 2858 1651 2910 tamon
1667 2856 1827 2912 formidan-

119 2941 198 2996 tium
214 2940 322 2998 animis
336 2941 424 2998 elueri
440 2943 593 3001 devotione
616 2943 766 3017 impertire
782 2961 947 3002 assensum.
1004 2940 1074 2996 dum
1090 2945 1135 2995 cst
1150 2940 1180 2994 in
1195 2945 1255 2995 tum
1267 2940 1379 2996 novella
1389 2941 1620 2997 Christianitatis
1636 2942 1827 3015 plantatione,

121 3031 164 3086 Ex
180 3029 235 3087 hoc
246 3030 324 3087 enim
341 3030 413 3087 lucri
429 3033 617 3104 potissimum
629 3034 782 3106 praemium
795 3035 872 3107 apud
884 3050 950 3089 con·
1004 3047 1055 3103 per
1069 3029 1262 3086 harbarorum
1278 3029 1419 3085 savitiam
1432 3031 1621 3087 utintantum
1638 3050 1778 3089 numerus
1793 3050 1828 3089 ex

120 3119 248 3175 ditarem
263 3120 396 3176 omnium
412 3121 569 3177 Dominum
585 3122 686 3196 procul
697 3123 786 3179 dubio
802 3138 948 3195 promere·
963 3099 985 3167 C
1003 3119 1045 3174 eis
1061 3119 1306 3191 decrescat‚quod
1318 3118 1435 3174 illorum
1447 3119 1555 3175 auxilio
1569 3137 1755 3193 nequaquam
1770 3122 1828 3194 epi·

121 3225 201 3278 mur,
210 3208 280 3264 dum
291 3210 469 3266 venerabilia
480 3211 542 3267 loca
552 3212 588 3267 ud
602 3211 752 3268 meliorem
764 3211 872 3268 luerim
886 3211 950 3268 sine
1004 3225 1159 3280 scoparum
1171 3208 1265 3281 possit
1276 3207 1338 3263 fieri
1349 3209 1538 3264 consecratio.
1551 3209 1675 3282 Ideoque
1691 3211 1828 3282 praedicta

120 3296 213 3353 dubio
232 3300 342 3354 statum
369 3301 519 3371 perducta.
537 3300 629 3374 lgitur
650 3301 720 3373 quia
744 3299 917 3373 postulastis
932 3316 949 3356 a
1004 3303 1123 3366 statuta,
1136 3298 1160 3353 si
1175 3315 1293 3354 necesse
1308 3297 1358 3365 sit,
1372 3299 1543 3355 auctoritate
1559 3299 1719 3372 apostolica
1733 3300 1828 3356 decer

121 3386 221 3456 nohis,
233 3391 380 3459 quatenus
395 3388 680 3461 archiepiscopatum
696 3389 948 3463 llammahurgeu-
1004 3386 1532 3444 niniusessesorrondomocornimus
1542 3388 1828 3457 autem,churissime

121 3476 165 3532 sis
180 3475 315 3532 Ecclesia
330 3481 425 3533 totum
441 3478 587 3550 integrum
599 3479 680 3535 vebis
694 3479 947 3547 confirmaremus,

121 3563 211 3620 sicuti
226 3580 243 3619 a
258 3565 522 3637 predecessoribus
542 3567 662 3635 nestris,
677 3567 811 3623 videlieet
831 3567 949 3623 Nicoloo

121 3659 151 3710 et
164 3654 300 3727 Agapito,
311 3653 400 3727 hujus
413 3655 578 3727 apostolica
595 3655 674 3711 sedis
684 3655 840 3727 episcopis,
852 3656 950 3711 decre

122 3746 187 3798 tum
203 3746 257 3812 est,
269 3740 401 3799 inclinati
417 3742 551 3814 precihus
562 3740 666 3798 vestris
682 3742 842 3815 apostolica
853 3747 948 3798 aucte

122 3830 210 3886 ritate
232 3831 422 3889 concedimus
437 3836 466 3887 et
481 3831 702 3899 confirmamus,
719 3847 786 3887 cum
811 3831 949 3887 omnibus

121 3917 299 3993 generaliter
313 3924 401 3993 atque
414 3920 580 3992 specialiter
594 3921 630 3976 ad
646 3921 781 3977 eumdem
796 3920 949 3993 prelatum

121 4012 254 4065 vestrum
278 4008 562 4082 archiepiscopatum
588 4008 813 4081 pcrtinentibus,
839 4008 951 4067 scilicet

121 4097 223 4153 omnia
238 4114 302 4170 qua
317 4097 406 4154 vestri
428 4102 627 4176 antecessores
646 4098 709 4155 suis
733 4098 883 4155 laboribus
898 4099 949 4155 ad-

121 4185 299 4259 quisierunt,
315 4185 360 4243 vcl
381 4186 469 4243 etiam
490 4203 589 4245 amore
615 4191 728 4244 aterna
753 4186 852 4260 putria
876 4187 950 4244 ibis

121 4273 365 4332 Christicolarum
381 4274 518 4332 fidelihus
538 4292 616 4333 nunc
631 4276 736 4333 collata
752 4275 795 4332 vel
812 4277 950 4349 deinceps

122 4369 194 4421 sunt
208 4363 395 4422 conserenda.
407 4368 480 4423 Cum
495 4364 555 4422 illis
569 4365 668 4435 etium,
680 4365 730 4438 qui
747 4382 825 4422 nunc
842 4371 951 4438 tompo-

1004 3475 1091 3531 lraier
1115 3476 1239 3545 hiavizo,
1262 3481 1294 3531 ut
1318 3481 1493 3547 potestatem
1519 3476 1651 3532 habeatis
1673 3477 1828 3534 ordinandi

1003 3565 1154 3636 episcopos
1171 3563 1246 3619 inira
1260 3569 1387 3619 vostram
1404 3564 1573 3635 parochiam
1588 3571 1618 3621 et
1633 3565 1781 3622 dioecesim
1797 3566 1827 3621 in

1003 3654 1141 3709 omnihus
1152 3652 1330 3724 supradictis
1345 3652 1494 3724 gentibus.
1505 3653 1539 3707 Et
1554 3653 1578 3708 si
1590 3653 1656 3725 quis
1666 3658 1767 3709 contra
1776 3654 1829 3710 hu·

999 3744 1051 3814 jus
1070 3747 1176 3797 nostra
1195 3740 1377 3796 auctoritatis
1397 3740 1581 3813 privilegium
1601 3742 1643 3796 iro
1662 3741 1827 3812 tentaverit,

1004 3836 1055 3887 aut
1067 3831 1095 3885 in
1107 3846 1224 3903 quoquo
1237 3829 1323 3885 inodo
1339 3829 1368 3883 in
1380 3833 1463 3901 parte
1473 3829 1516 3884 vel
1533 3829 1562 3884 iu
1574 3834 1634 3884 toto
1645 3830 1776 3902 frangore
1787 3831 1829 3886 ni-

1003 3937 1055 3975 sus
1072 3919 1168 3986 tuerit,
1181 3919 1220 3973 sit
1231 3917 1501 3974 excommunicatus
1515 3933 1660 3990 ocorporc
1673 3922 1702 3973 st
1716 3918 1828 3975 vivifico

1004 4007 1147 4079 sanguine
1162 4005 1278 4061 Domini
1301 4005 1393 4061 nostri
1408 4006 1478 4061 Jesu
1493 4005 1612 4076 Christi,
1629 4011 1657 4063 et
1679 4024 1697 4063 a
1720 4012 1829 4064 sancta

1004 4097 1055 4153 Dei
1069 4096 1204 4153 Ecclesia
1215 4095 1295 4151 aditu
1310 4099 1473 4168 separatus..
1483 4094 1657 4152 Observator
1666 4101 1764 4153 autem
1775 4096 1829 4153 hu·

1000 4186 1051 4257 jus
1062 4190 1168 4243 nostra
1180 4183 1390 4240 admonitionis
1401 4188 1430 4239 et
1437 4183 1582 4256 jussionis
1593 4183 1699 4241 haheat
1712 4185 1829 4241 henedi-

1003 4275 1129 4331 ctiouem
1139 4272 1349 4345 omnipotentis
1360 4272 1421 4342 Dei,
1430 4277 1458 4329 et
1466 4274 1618 4329 beatorum
1628 4272 1827 4347 apostolorum

1004 4365 1079 4421 Petri
1104 4369 1133 4421 et
1158 4362 1250 4430 Pauli,
1265 4366 1294 4419 et
1317 4367 1458 4431 nostram,
1476 4363 1526 4435 qui
1549 4379 1651 4419 eorum
1676 4363 1829 4436 fungimur

123 4453 164 4510 ris
178 4453 216 4510 ad
226 4452 335 4510 Christi
352 4455 482 4510 conversi
499 4458 569 4510 suut
583 4454 681 4523 fidem,
693 4452 828 4510 videlicet
838 4454 949 4526 episco·
965 4467 990 4533 1)
1004 4452 1277 4510 vicariationellato
1290 4451 1379 4524 igitur
1389 4451 1754 4521 vobis,sratercharissimc
1766 4452 1828 4509 Lia-

122 4544 169 4615 pis
184 4542 216 4597 in
231 4543 370 4600 omnibus
392 4544 528 4617 gentihus
547 4544 697 4600 Sueouum
713 4543 772 4599 sive
788 4543 947 4612 banorum,

122 4648 238 4689 uecnon
251 4631 339 4688 etiam
351 4631 381 4687 in
393 4630 451 4688 illis
465 4633 599 4704 partibus
610 4630 789 4699 Sclavorum,
801 4650 865 4705 qua
880 4637 950 4688 sunt

121 4738 139 4777 a
155 4720 278 4776 tlumiue
294 4721 472 4793 Peneusque
484 4720 652 4777 adssuvium
669 4721 783 4793 Egidre,
795 4722 836 4777 ita
852 4726 883 4778 ut
894 4722 950 4777 suh

119 4813 219 4865 vestro
236 4812 458 4881 vestrorumque
474 4824 688 4877 suceessorum,
702 4809 951 4883 hammaburgen-

119 4898 164 4954 sis
179 4896 316 4953 Ecclesia
331 4897 630 4970 archiepiseoporum,
647 4904 784 4954 maneant
793 4905 949 4971 potestate,

121 4985 167 5067 vel
177 4985 324 5059 quidquid
336 4985 422 5042 vestri
436 4985 544 5042 laboris
556 4986 827 5055 certamine,divina
838 4989 949 5045 lavante

121 5075 231 5150 gratia,
250 5075 286 5131 ab
308 5091 405 5131 errore
430 5076 568 5148 pertidia,
582 5077 641 5133 sive
657 5075 811 5132 hominum
831 5077 891 5133 sive
907 5076 950 5134 lo·

120 5180 238 5232 eorum,
255 5165 290 5220 ad
317 5163 488 5238 religionem
508 5164 705 5222 Christianam
730 5165 883 5237 adquirere
898 5184 948 5239 po·

119 5253 220 5319 testis,
231 5253 315 5309 vohis
329 5251 492 5327 vestrisque
508 5253 727 5310 successorihus
742 5253 951 5327 perpetualiter

119 5341 295 5412 tenendum,
308 5340 517 5400 inviolabiliter
531 5347 629 5399 tenere
644 5359 808 5398 censemus.
822 5343 857 5397 Et
871 5343 950 5399 insu·

122 5448 174 5505 per
186 5431 370 5488 decrevimus
381 5436 410 5488 et
421 5432 582 5500 sancimus,
595 5431 708 5488 nullum
721 5431 951 5506 archiepiscopo·

122 5538 202 5597 rum,
216 5520 261 5582 vel
275 5520 478 5586 Cclcuicneem
494 5522 538 5581 vel
559 5521 649 5582 alium
669 5521 839 5601 quemlibet,
856 5524 886 5581 in
901 5541 949 5584 re·

1004 4543 1075 4610 vizo,
1093 4547 1199 4599 nostra
1215 4541 1399 4596 auctoritatis
1414 4540 1574 4613 privilegio,
1587 4540 1675 4596 simul
1692 4541 1827 4596 coneedi-

1005 4649 1071 4685 nius
1086 4631 1211 4686 vobisut
1226 4629 1313 4701 pallio
1331 4627 1498 4700 uti'ubique
1514 4628 1646 4684 locorum
1661 4628 1690 4683 in
1704 4634 1828 4700 utraque

1004 4720 1093 4774 Albia
1106 4719 1237 4774 iluminis
1248 4718 1270 4772 ri
1274 4734 1322 4790 pa,
1330 4717 1448 4773 statutis
1458 4717 1572 4785 dicbus,
1580 4717 1657 4774 sicut
1667 4723 1829 4774 antecessu·

1005 4811 1087 4865 ribus
1105 4809 1208 4864 vestris
1224 4807 1314 4862 moris
1329 4811 1401 4861 erat.
1415 4807 1536 4876 insuper
1552 4806 1689 4862 addimus
1699 4824 1750 4878 pro
1761 4812 1826 4863 voto

1004 4904 1104 4956 vestra
1118 4897 1299 4970 dignissima
1311 4896 1471 4969 petitionis,
1482 4895 1510 4949 in
1525 4895 1665 4951 natalitiis
1675 4896 1826 4952 beatorum

1005 4993 1166 5060 martyrum
1183 4986 1342 5053 Laurentii,
1354 4985 1481 5040 blauritii
1496 4985 1700 5057 sociorumque
1715 5002 1827 5041 eorum·

1004 5080 1081 5146 dem,
1097 5077 1170 5133 etin
1187 5075 1312 5148 singulis
1335 5075 1543 5130 festivitatibus
1558 5073 1639 5131 vehis
1663 5075 1827 5132 commissa

1004 5165 1132 5223 ecclesia
1148 5163 1236 5236 pallio
1248 5181 1298 5218 vos
1309 5163 1401 5217 indui.
1410 5164 1516 5219 Sancta
1527 5163 1655 5220 Trinitas
1666 5165 1827 5220 fraternita-

1004 5258 1199 5311 temvcstram
1215 5252 1266 5307 diu
1289 5267 1459 5307 conservare
1481 5251 1618 5324 dignetur
1637 5251 1824 5321 ineolumem,

1003 5347 1090 5415 atque
1109 5346 1175 5415 post
1194 5341 1284 5412 hujus
1302 5339 1401 5396 saculi
1417 5341 1644 5397 amaritudinem
1667 5342 1702 5396 ad
1724 5357 1825 5414 perpe·

1003 5439 1085 5491 tuam
1101 5432 1242 5505 perducat
1257 5429 1479 5486 beatitudinem.

1039 5523 1186 5601 Scriptum
1197 5537 1248 5601 per
1259 5536 1379 5578 manum
1393 5520 1532 5599 Stephani
1544 5524 1659 5597 notarii,
1670 5521 1825 5600 regionarii
