3900 6090
128 279 204 342 1051

466 425 616 465 domatus.
657 443 659 449 ¹
748 425 752 431 “

163 501 221 558 Nec
237 501 504 570 terminun1,qucm
520 497 629 564 dixisti,
640 514 777 569 agnosca,
792 514 843 554 ace
862 499 953 554 deuo·

128 591 319 648 minationem
335 605 386 645 scu
403 587 598 660 quantitatem
614 586 684 644 scie.

460 691 616 733 simmista.

161 765 951 843 Quandoquantilibetnumeridigestimdisponuntar,

125 857 239 930 primus
251 855 346 910 minor
354 856 498 911 terminus
510 860 538 911 et
549 860 716 927 postremas
725 856 819 924 major
828 853 950 919 dieitur;

125 945 241 1018 quande
254 949 353 1000 autem
370 942 544 1000 divisionem
560 943 693 999 iaciendo
720 946 809 1014 quota
829 958 897 1014 pars
913 940 952 997 sit

125 1033 240 1091 numeri
251 1032 661 1101 dicimus,denominationem
679 1032 952 1100 lacinrus;cu1nuu·

124 1129 196 1191 tem,
212 1128 285 1195 quet
299 1121 328 1178 in
345 1139 522 1194 unaquaque
544 1126 625 1195 parte
650 1122 708 1178 sint
730 1136 948 1187 enumeramus,

124 1213 317 1287 quantitatem
333 1212 516 1284 exponimus.

460 1317 613 1359 conrasas.

159 1393 193 1449 at
208 1393 275 1465 quis
290 1397 335 1448 cst
350 1391 502 1463 impariter
517 1391 592 1464 par?

454 1495 613 1538 samsarta.

158 1571 212 1641 Qui
228 1588 285 1627 non
300 1571 396 1628 solum
413 1587 502 1627 unam
519 1569 621 1642 recipit
635 1568 887 1635 sectionem,sieut
901 1584 950 1639 pu·

120 1662 193 1717 riter
207 1677 270 1734 par,
288 1661 338 1716 scd
355 1661 444 1715 etiam
460 1659 833 1730 otsccunda1u‚aliqaetias
849 1660 947 1712 autem

121 1754 150 1807 et
164 1750 281 1806 tertium
299 1748 341 1804 vel
360 1749 641 1821 plures‚sedtu1nen
659 1765 752 1819 usqae
768 1744 949 1801 ad'indivisi-

122 1839 210 1896 bilem
225 1855 283 1895 nen
300 1839 447 1911 perveniet
462 1837 616 1893 unitatem.

456 1941 612 1983 conrasas.

156 2017 178 2074 0
189 2031 278 2090 quam
288 2013 646 2089 scrupulosaetploribilis
658 2014 717 2086 (lep.
728 2011 864 2086 plectilis)
873 2028 948 2084 que·

121 2106 177 2164 stie
191 2124 225 2164 ox
240 2106 364 2163 istarum
381 2109 464 2161 etate
479 2103 691 2160 infantularum
706 2107 751 2159 est
767 2103 848 2159 ortel

456 2208 610 2250 sarrssrrn.

158 2284 189 2341 Iu
205 2284 260 2341 hoc
275 2283 424 2340 laudanda
447 2286 492 2339 est
515 2281 738 2355 supereminens
754 2279 882 2338 Factaris
897 2296 946 2336 sa·

121 2373 240 2447 pientia,
257 2377 286 2429 et
300 2373 376 2428 mira
405 2372 508 2428 mundi
536 2370 658 2429 artiilcis
673 2369 872 2441 scientia-{qui
889 2385 946 2424 nea

122 2463 218 2518 selum
234 2461 263 2516 in
274 2461 418 2535 principio
434 2462 577 2517 mundum
598 2476 701 2516 creans
715 2475 749 2514 ex
764 2457 867 2525 nibilo,
883 2474 945 2512 em·

122 2553 171 2608 nia
186 2552 216 2607 in
231 2568 352 2607 numera
368 2554 397 2606 et
413 2568 550 2607 mensura
566 2554 594 2606 et
616 2548 746 2622 pondere
770 2546 878 2619 posuit,
894 2547 945 2603 sed

121 2642 209 2699 etiarn
220 2641 250 2696 in
262 2639 482 2697 succedentium
498 2640 573 2695 serie
589 2643 755 2710 temporam
771 2641 800 2692 et
814 2637 842 2690 in
859 2635 948 2691 etati·

121 2733 177 2789 bus
191 2729 465 2797 bominum,miram
474 2729 554 2785 dedit
562 2725 684 2784 inveniri
693 2743 778 2799 posse
793 2723 945 2782 scientiam

121 2820 241 2879 artium.

372 2918 376 2925 ·
457 2921 605 2963 conrasas

156 2999 212 3055 Diu
222 2998 387 3055 tesustinui
404 2996 637 3062 ratiocinantem,
648 3011 704 3067 que
720 3000 749 3051 te
764 2994 835 3050 mihi
847 2994 945 3051 effice·

120 3105 182 3146 rem
197 3089 457 3159 obtemperantem.

419 3175 466 3232 ⁰1
492 3190 645 3231 sserserre

158 3249 189 3305 ln
205 3246 287 3320 quo?

308 3398 311 3404 ,
464 3351 602 3391 uenimus.

157 3426 190 3483 ln
206 3424 321 3482 cultura
335 3425 468 3480 deorum.

461 3526 605 3568 scrinaria.

158 3604 189 3660 ln
204 3603 260 3660 hac
274 3602 376 3675 utique
391 3619 449 3659 nen
465 3602 624 3658 consentio.

461 3707 599 3747 sarissas.

156 3782 186 3841 Si
201 3781 345 3850 reniteris,
362 3779 515 3837 tormentis
530 3780 675 3838 afficieris.

462 3886 606 3926 serasera.

155 3962 266 4034 Corpus
282 3960 402 4033 quidem
419 3958 572 4032 suppliciis
600 3959 742 4015 lacessere
757 3958 875 4030 poteris,
892 3958 943 4013 sed

120 4051 253 4107 animum
269 4049 305 4104 ad
320 4047 483 4105 cedendum
501 4046 675 4119 compellere
690 4063 747 4103 nen
764 4044 942 4118 prevalebis.

454 4153 608 4192 terraenae.

156 4226 223 4283 Dios
237 4225 318 4293 abiit,
335 4241 392 4281 uox
407 4225 561 4290 incumbit,
580 4241 637 4280 nen
661 4229 706 4280 ost
721 4228 838 4296 tempus
854 4223 943 4280 ulter·

119 4316 216 4383 candi,
233 4314 302 4388 quia
315 4314 407 4371 instat
419 4313 490 4369 hera
505 4313 648 4369 cenandi.

462 4419 599 4459 lenimus.

155 4492 359 4550 Incustodiam
364 4492 451 4564 juxte
458 4490 598 4565 palatium
609 4492 943 4563 ponantur,cttriduane

120 4581 243 4639 inducie
259 4580 318 4638 illis
333 4581 369 4637 ad
381 4579 565 4636 tractandum
582 4582 765 4653 prestentur.

85 4676 89 4683 '
457 4684 608 4724 rmrocuus.

156 4760 311 4817 Observate
340 4759 423 4829 istas,
446 4774 462 4814 e
486 4754 605 4827 milites,
630 4758 709 4813 amni
737 4757 943 4826 sollicitudine,

120 4847 292 4920 nullamque
305 4847 364 4904 illis
379 4845 561 4904 occasionem
576 4845 717 4902 evadendi
732 4846 897 4921 relinquite.

441 4953 554 5011 SGENA
579 4953 624 5010 lV.

462 5060 605 5100 surremit.

157 5132 295 5190 Odulces
311 5131 406 5189 illiale
424 5136 453 5189 et
469 5131 562 5188 chare
591 5132 721 5206 pusiole,
740 5132 829 5192 nolite
857 5150 945 5207 super

121 5221 275 5280 carceralis
290 5222 427 5295 augustia
440 5221 578 5278 custodie
594 5223 769 5293 contristari,
787 5223 875 5282 nolite
889 5225 943 5280 im·

122 5312 297 5370 minantium
312 5312 401 5370 minis
416 5329 568 5385 penarum
584 5313 696 5370 terreri,

488 5416 580 5459 ernas.

158 5489 237 5548 Licet
261 5490 434 5564 corpuscula
463 5494 619 5564 pavescant
638 5492 674 5547 ad
689 5496 844 5561 tormenta,
861 5510 945 5552 mens

123 5581 220 5638 tamen
235 5580 333 5654 gliscit
346 5581 382 5635 ed
399 5579 527 5653 premia.

530 277 795 339 HllOTSlIl'lllAE
818 275 1005 340 ttoa'lnbls
1027 278 1435 345 GANDERSHEIME'NSIS.

1760 284 1831 346 {052

1346 431 1489 472 sinisera.

1043 501 1155 558 Vincite
1171 503 1314 561 infantilis
1327 504 1554 562 teneritudinem
1584 505 1714 562 etatule
1731 505 1832 564 matari

1008 607 1112 648 sensus
1128 592 1309 651 tortitudine.

1379 700 1456 740 eras.

1043 772 1139 827 Tuum
1155 776 1200 828 est
1214 789 1267 828 nes
1291 773 1427 845 precibus
1456 774 1606 846 adiuvare,
1624 781 1661 831 ut
1691 775 1834 848 possimus

1006 859 1128 917 vincere.

1345 951 1487 991 siriemn.

1041 1022 1098 1077 llec
1116 1023 1315 1079 indesinenter
1330 1041 1425 1092 exoro,
1442 1025 1497 1079 bec
1522 1024 1666 1098 efflagito,
1684 1029 1718 1081 ut
1743 1042 1835 1099 perse·

1004 1112 1109 1167 voratis
1125 1112 1153 1167 in
1170 1113 1227 1167 fide
1242 1129 1330 1184 quam
1346 1112 1423 1169 inter
1447 1113 1512 1186 ipsa
1538 1116 1706 1188 crepundia
1735 1115 1835 1174 restris

1005 1200 1141 1257 sensibus
1156 1218 1214 1258 non
1229 1202 1405 1259 desistebam
1421 1202 1573 1260 instillare.

1348 1308 1483 1349 cnanrras.

1039 1379 1120 1444 Quod
1136 1383 1274 1451 sugentes
1290 1379 1419 1437 uberein
1431 1380 1586 1438 cunabulis
1602 1381 1772 1440 didicimus
1780 1382 1837 1440 nul·

1003 1466 1118 1524 latenas
1134 1467 1264 1525 oblivisci
1281 1467 1443 1541 quibimus.

1347 1576 1491 1616 slrrsmu.

1038 1646 1080 1701 eid
1094 1646 1148 1703 bec
1162 1663 1212 1703 ves
1227 1651 1361 1704 materne
1376 1646 1451 1703 laete
1467 1648 1627 1705 effluenter
1640 1648 1717 1716 alui,
1734 1649 1772 1706 ad
1785 1648 1834 1706 bec

1002 1734 1126 1791 delicate
1142 1737 1261 1802 nutrivi,
1278 1742 1311 1792 ut
1324 1754 1375 1793 vos
1391 1737 1500 1794 celesti
1517 1755 1576 1794 non
1592 1744 1717 1796 terreno
1731 1756 1833 1812 sponse

1003 1825 1158 1891 traderem,
1169 1842 1227 1897 que
1242 1827 1330 1883 vestri
1346 1841 1435 1885 cause
1449 1843 1552 1885 socrus
1567 1829 1672 1885 eterni
1688 1828 1833 1903 regisdiei

1003 1914 1186 1972 meruissem.

1372 2003 1458 2044 eroes.

1037 2075 1090 2131 Pro
1105 2074 1198 2147 ipsins
1222 2092 1320 2132 amore
1344 2077 1444 2150 spousi
1461 2077 1602 2151 prompte
1620 2095 1735 2136 sumus
1753 2079 1830 2136 mori.

1345 2182 1487 2225 carneuna.

1037 2252 1169 2310 Delector
1181 2269 1216 2310 ex
1229 2258 1325 2311 restra
1349 2255 1472 2324 ratione,
1488 2273 1505 2312 o
1520 2255 1599 2322 filie,
1617 2257 1720 2331 magis
1749 2272 1830 2330 quaer

1001 2347 1140 2400 nectarae
1156 2343 1320 2401 dulcedinis
1334 2346 1513 2419 gustamine.

1374 2450 1448 2491 snas.

1037 2523 1181 2579 Premitte
1196 2539 1250 2579 nos
1266 2527 1332 2579 ante
1346 2523 1476 2581 tribuual
1491 2523 1615 2595 judicis,
1632 2527 1662 2581 et
1676 2526 1830 2598 experieris

1000 2615 1144 2685 quantum
1159 2612 1224 2682 ejus
1239 2628 1321 2668 amor
1334 2611 1419 2668 nobis
1436 2612 1568 2671 attulerit
1582 2613 1777 2671 temeritatis.

1334 2715 1494 2761 sarrsarra.

1036 2791 1094 2847 llec
1109 2793 1211 2862 exopto
1227 2793 1260 2845 ut
1274 2793 1370 2846 vestra
1390 2789 1557 2863 virginitate
1585 2807 1725 2860 coroner,
1742 2795 1775 2850 ut
1787 2806 1829 2847 vc·

1000 2885 1060 2937 stro
1075 2877 1215 2950 martyrio
1230 2878 1383 2951 glorificer.

1342 2985 1477 3025 celerare.

1035 3057 1183 3114 Gensertis
1196 3055 1335 3128 palmulis
1350 3057 1570 3123 incedamus,et
1584 3059 1706 3116 vultum
1716 3057 1826 3131 tyranni

960 3163 981 3232 ρ
1000 3147 1225 3204 confundamus.

1333 3232 1489 3277 sarreriae.

1034 3309 1204 3380 Exspectate
1234 3306 1325 3364 donec
1340 3308 1431 3365 instet
1446 3308 1520 3365 hera
1533 3307 1702 3366 vocationis
1718 3311 1824 3367 nesus

1367 3412 1453 3453 sines.

1035 3486 1132 3542 'ledet
1147 3501 1200 3542 nos
1215 3500 1376 3554 morarum,
1390 3490 1491 3542 tamea
1516 3489 1562 3543 est
1585 3486 1824 3559 exspectandum.

1319 3590 1432 3649 sceda
1450 3592 1485 3647 V.

1343 3699 1357 3737 l

1033 3769 1183 3839 Antioche,
1191 3770 1263 3842 jube
1278 3769 1344 3827 illas
1359 3694 1506 3828 alffius
1520 3771 1609 3829 nobis
1625 3770 1824 3845 representari

997 3860 1136 3933 captivas·

1034 3947 1427 4090 Procede,Sepientia,Atgglu)ec
1429 3949 1505 4077 11οιυςιῐι
1521 4018 1824 4094 filiabusimpembn

998 4112 1181 4179 representa.

1336 4195 1483 4238 stellam.

1034 4267 1146 4340 Pergite
1168 4282 1296 4338 mecum,
1312 4267 1390 4337 filie,
1406 4272 1585 4337 constanter,
1604 4272 1824 4342 capesserent

997 4356 1028 4412 in
1044 4356 1100 4411 ilde
1113 4356 1302 4426 unanimiter,
1319 4360 1351 4413 ut
1372 4357 1491 4431 possitis
1520 4357 1656 4430 palmum
1686 4359 1824 4432 percipere

999 4445 1129 4503 feliciter.

1342 4518 1392 4576 θ’
1407 4536 1476 4576 sess.

1035 4605 1322 4680 Pergimus,ipseque
1338 4607 1492 4665 nobiscum
1507 4608 1740 4683 comitetur,pro
1750 4606 1823 4680 cujas

999 4710 1097 4753 amere
1112 4696 1148 4752 ad
1165 4697 1290 4754 mertem
1304 4697 1456 4754 ducemur.

1170 4791 1174 4799 '
1342 4802 1480 4843 annianus.

1035 4874 1199 4931 Triduanas
1213 4871 1296 4932 vobis
1312 4874 1447 4932 inductas
1462 4874 1624 4948 prestabat
1639 4875 1738 4932 nostri
1752 4887 1821 4932 sero·

999 4962 1166 5032 nitas,unde
1181 4962 1206 5020 si
1221 4962 1292 5036 quid
1307 4963 1473 5022 tractaretis
1487 4962 1642 5033 utilitatis,
1658 4962 1757 5022 cedite
1765 4962 1821 5035 jus·

999 5051 1131 5108 sionibus
1146 5053 1265 5109 nestris.

1338 5158 1485 5201 clareant.

1035 5231 1192 5288 Summum
1206 5230 1296 5303 igitur
1311 5231 1382 5288 utile
1397 5230 1599 5302 tractavimus,
1612 5231 1643 5288 id
1658 5226 1821 5300 scilicettd

999 5337 1058 5378 non
1072 5320 1222 5376 cedemus.

1335 5426 1489 5468 sericeum.

1035 5499 1093 5555 Gur
1107 5496 1239 5571 dignaris
1254 5515 1320 5555 eum
1337 5499 1391 5556 hac
1407 5504 1580 5557 contumace
1592 5500 1687 5558 verba
1696 5497 1816 5557 miceam

1000 5606 1063 5661 que
1079 5593 1107 5645 te
1122 5585 1260 5644 insolenti
1277 5588 1380 5664 fatigat
1393 5590 1646 5663 presumptione?
