3900 6090
126 284 186 344 em
637 283 669 344 S.
693 281 892 346 DUNSTANI
914 279 1095 344 anchise.
1120 281 1328 373 cendone,
1770 278 1833 343 476

128 413 222 474 Patris
238 414 287 473 uhi
307 414 357 474 Dei
380 418 524 474 rectorum
540 416 797 488 subjectorumque
811 414 871 472 vita
884 414 950 471 dili·
964 416 993 483 Α
1007 417 1123 471 nostrae.
1140 414 1175 470 nt
1189 414 1370 487 superfluum
1392 431 1450 471 non
1465 413 1604 485 aestimes,
1619 427 1672 472 nec
1692 427 1832 488 arrogan-

127 504 245 580 gcntius
256 505 446 573 discernetur,
457 504 564 578 saepius
575 508 641 561 ante
651 507 679 559 tc
689 504 812 576 legatur,
822 508 850 560 ct
861 504 952 561 nostri
1006 503 1064 572 tire,
1081 507 1113 559 ιιι
1126 521 1176 560 vos
1191 503 1396 572 admonerem;
1414 504 1464 561 sed
1481 504 1585 562 intimo
1600 502 1834 561 charitatis-sile

128 594 300 652 memoriam
315 593 443 650 nominis
457 593 562 649 habeto
578 593 607 648 in
620 594 678 648 tuis
693 592 802 648 sanetis
818 592 953 649 orationi·
1007 596 1054 649 ctu
1072 592 1222 666 suscipite,
1239 593 1309 665 quin
1331 595 1401 650 urbs
1426 595 1511 650 firma
1535 595 1624 652 sratcr
1646 595 1698 667 qui
1714 594 1834 651 ciratus

127 682 194 751 bus,
207 685 240 738 ut
250 681 300 737 Dei
311 681 520 754 omnipotentis
531 679 793 738 misericordiores
804 682 950 750 defendat,
1003 682 1133 754 Juvatur.
1151 683 1191 739 Te
1206 683 1284 739 Deus
1302 683 1488 756 amnipotens
1507 683 1621 743 salvum
1637 687 1791 742 conservet
1804 684 1834 742 in

128 775 209 846 regat
223 773 311 842 atque
334 769 489 835 custodiat,
507 770 584 825 sicut
596 786 648 826 vos
661 769 734 827 velle
758 771 853 839 credo,
872 772 904 827 ιιι
922 771 952 826 in
1006 788 1110 826 avum.

127 859 280 917 dilectione
298 859 360 916 Dei¹
374 863 403 916 et
425 859 574 916 voluntate
597 876 717 916 cursum
740 876 864 933 agamus
887 859 952 916 vite

1355 1048 1832 1065 ῃ*-

580 1218 888 1324 surim
929 1216 1373 1325 numme!

629 1425 956 1517 aueunlrus
987 1426 1318 1517 concensu

446 1606 612 1664 ANGLIGAE
631 1607 802 1664 NATIONIS
822 1605 1077 1664 MONACHDRUM
1097 1607 1508 1675 SANCTIMONIALIUMQUE

502 1759 596 1833 (Apud
613 1759 781 1828 lleinerum,
797 1759 942 1833 Apoctetct.
958 1759 1016 1816 ord.
1034 1759 1062 1816 S.
1079 1759 1177 1818 Dencd.
1195 1760 1225 1816 ia
1237 1759 1328 1832 sapt,
1346 1776 1374 1833 p.
1389 1762 1449 1830 77.)

428 2010 648 2070 PROOEMIUM.
962 2012 987 2080 Β
1002 2010 1124 2084 pacifica
1138 2011 1245 2085 pitacio
1259 2010 1494 2069 luculentissime
1508 2013 1627 2068 exarata
1640 2009 1830 2074 humillimus

160 2103 311 2162 Gloriosus
326 2101 435 2158 etenim
453 2101 558 2175 lidgar,
575 2100 682 2156 Christi
701 2100 862 2174 opitulante
881 2116 947 2174 gra·
1002 2100 1172 2169 destinavit,
1187 2105 1368 2173 cunctosque
1382 2100 1489 2158 Christi
1514 2104 1709 2172 compunctus
1732 2102 1831 2176 grstia

123 2189 947 2267 tia,hnglcrumceterarumquegentiumintraamhitum
1003 2188 1128 2258 monuit,
1143 2192 1176 2244 nt
1196 2189 1355 2246 concordes
1380 2188 1484 2260 aquali
1509 2189 1732 2253 consuetudinis
1757 2207 1827 2261 usu,

123 2282 279 2341 Britannica
289 2280 392 2339 insula
401 2279 571 2353 degentium
580 2278 948 2353 rexcgregius,abineunte
1002 2281 1119 2334 sanctos
1131 2278 1326 2351 probatosque
1336 2277 1479 2334 imitando
1489 2279 1589 2336 Patras
1600 2277 1829 2353 regulariupre·

123 2390 183 2431 sua
197 2371 327 2446 pueritie
339 2373 433 2439 atate,
445 2368 523 2437 licet,
537 2369 579 2425 nti
596 2367 660 2441 ipsa
673 2367 749 2426 solet
761 2372 843 2435 aetas,
853 2368 947 2437 divcr7
1001 2370 1086 2440 cepta
1098 2367 1193 2424 tenaci
1208 2367 1316 2424 mentis
1332 2367 1458 2424 anchora
1473 2371 1631 2438 servantes,
1643 2367 1827 2428 nullomodo

123 2463 166 2520 sis
176 2466 307 2519 uteretur
317 2459 597 2527 moribus,attamen
609 2456 850 2530 respectudivinc
860 2461 948 2514 sttra·
1001 2454 1202 2512 dissentiendo
1232 2454 1447 2524 discordarent;
1473 2472 1509 2513 ne
1537 2456 1642 2530 impar,
1668 2473 1702 2514 ac
1725 2458 1826 2516 varius

123 2557 199 2615 ctus,
216 2549 320 2606 abbate
335 2548 463 2620 quedam
484 2546 604 2602 assidua
619 2550 765 2603 monente.
782 2563 815 2602 ac
835 2547 946 2620 regiam
1001 2544 1089 2602 unius
1101 2544 1259 2619 regula,ac
1270 2545 1359 2602 unius
1369 2544 1470 2617 patrica
1482 2562 1555 2602 usus
1565 2546 1828 2621 probrosevitnps-

122 2637 272 2698 catholica
293 2637 360 2693 ssdci
381 2634 458 2692 iiam
474 2635 705 2703 demonstrante,
722 2635 805 2708 capit
823 2650 946 2709 magne·
1000 2632 1078 2689 rium
1098 2637 1205 2692 sancta
1229 2633 1440 2691 conversationi
1465 2635 1616 2709 irrogarat.
1631 2635 1728 2709 liujus
1751 2651 1827 2711 pro·

121 2745 189 2803 pere
209 2728 301 2786 Deum
322 2726 435 2794 timere,
449 2724 569 2799 diligere
588 2741 622 2781 ae
641 2724 782 2781 venerari.
804 2724 947 2783 Radiante
1000 2720 1201 2778 callentissimi
1217 2722 1295 2796 regis
1310 2722 1406 2795 sagaci
1419 2722 1532 2779 monita
1547 2723 1741 2797 spiritualiter
1749 2740 1829 2783 com·

120 2816 264 2894 paulatim
273 2817 341 2872 fidei
351 2811 488 2883 scintilla,
497 2831 533 2870 ne
541 2811 697 2869 otiositatis
705 2817 820 2884 torpore
829 2812 947 2884 explosa
1000 2812 1113 2884 puncti,
1129 2826 1186 2868 non
1202 2815 1318 2868 tantum
1335 2812 1472 2886 episcopi,
1483 2828 1584 2870 verum
1598 2813 1687 2871 etiam
1702 2813 1828 2875 subcus

121 2908 289 2972 detesceret,
305 2903 413 2976 quibus
437 2905 606 2958 sanctorum
631 2917 752 2974 operum
777 2901 890 2957 meritis
915 2900 945 2956 in
1000 2916 1034 2958 ae
1049 2900 1300 2972 abbatisse,quod
1317 2901 1449 2958 talemne
1462 2905 1578 2958 tantum
1592 2901 1699 2960 babere
1713 2918 1830 2963 meme·

120 2995 263 3052 fervidum
277 2991 387 3065 perfect
375 2990 463 3046 tionis
474 2990 608 3045 ardorem
619 2990 737 3046 accendi
751 2990 869 3058 valeret,
882 2993 946 3046 stu·
1000 2991 1069 3044 runt
1083 2988 1243 3058 doctorem,
1253 2988 1356 3046 erectis
1372 2990 1408 3045 ad
1424 2989 1532 3046 athera
1540 2989 1647 3063 palmis
1662 2991 1827 3051 immensas

120 3085 202 3142 diosc
216 3079 401 3156 percunctari
412 3077 554 3136 sollicitus
564 3082 660 3151 ccspr
672 3078 826 3151 Comperto
837 3079 945 3135 etenim
1000 3076 1182 3135 Celsitbrono
1198 3082 1305 3151 matos,
1322 3079 1380 3135 voti
1400 3084 1549 3153 compotes
1569 3080 1675 3138 reterre
1689 3096 1750 3139 non
1764 3080 1828 3143 dis·

120 3172 198 3246 quod
213 3185 297 3227 saera
311 3166 443 3224 coencbia
457 3165 580 3223 diversis
590 3166 637 3223 sni
651 3166 804 3239 regiminis
821 3164 893 3222 locis
904 3165 946 3222 di·
999 3167 1140 3225 tulerunt.

120 3265 209 3328 recta,
224 3275 257 3316 ac
281 3273 355 3332 pene
377 3255 493 3313 Domini
510 3254 602 3311 nostri
617 3255 687 3312 Jcsu
704 3255 810 3311 Christ
790 3260 811 3311 tr
826 3254 945 3312 servitio
1035 3254 1479 3331 Namillicoejusimperiistetc
1487 3259 1595 3317 mentis
1603 3220 1830 3319 eoirsrnincsl»¹

120 3348 260 3407 destituta
274 3344 455 3419 negligenter
467 3344 658 3413 tabescerent,
675 3343 791 3400 Domini
805 3360 943 3416 compua·
1000 3345 1087 3402 crrter
1096 3345 1341 3418 obtemperantes
1353 3346 1505 3420 sanctique
1520 3345 1636 3420 patroni
1651 3346 1828 3410 amanun-

119 3441 186 3504 ctus
199 3435 294 3511 gratia
303 3450 370 3491 eum
382 3449 490 3507 magna
499 3431 590 3488 animi
583 3432 752 3490 alacritate
764 3433 822 3490 sest
810 3433 943 3502 tinando,
998 3434 1072 3508 gorii
1088 3435 1274 3501 documenta,
1286 3435 1396 3508 quibus
1410 3437 1529 3494 beatum
1543 3437 1744 3511 Augustianis
1757 3454 1827 3498 mo·

120 3523 287 3599 ubicunque
300 3521 431 3579 locorum
441 3519 648 3579 decentissime
658 3521 819 3590 decoravit;
832 3521 946 3594 ejectis·
999 3539 1068 3580 nere
1083 3524 1208 3591 studuit,
1224 3527 1330 3582 utnon
1346 3524 1443 3582 solum
1458 3526 1606 3596 Romane,
1615 3542 1720 3586 verum
1732 3528 1828 3589 οιίιι

119 3630 176 3690 que
191 3610 401 3688 negligentium
416 3608 590 3667 clericorum
605 3610 766 3684 spurcitiis,
777 3628 835 3666 non
847 3610 944 3668 solum
999 3613 1170 3679 Galliarum,
1186 3613 1324 3671 honestos
1338 3613 1536 3673 Ecclesiarum
1548 3631 1622 3673 usus
1637 3616 1705 3675 rudi
1720 3616 1829 3695 Angla·

119 3703 290 3773 monachos,
305 3717 406 3759 verum
430 3699 669 3759 sanctimoniales
691 3701 792 3766 etiam,
808 3701 943 3759 Patribus
998 3718 1064 3759 rum
1080 3701 1214 3759 Ecclesia
1234 3703 1398 3760 decorando
1423 3704 1615 3762 constitueret
1637 3705 1826 3767 recolentes:

119 3793 320 3866 lintribusque
335 3789 503 3848 constitutis
518 3790 555 3847 od
574 3790 625 3848 Dei
641 3789 819 3847 famulatum
834 3789 945 3863 ubique
998 3791 1100 3849 accitis
1116 3790 1262 3848 l'lorcnsis
1278 3791 1354 3849 beati
1377 3792 1526 3850 Benedicti
1550 3811 1664 3852 necnon
1682 3796 1826 3873 precipui

119 3900 171 3958 per
184 3887 297 3940 tantam
321 3881 369 3938 sui
393 3880 475 3955 regni
505 3878 731 3952 amplitudinem
756 3879 943 3936 devotissime
998 3879 1340 3953 coenobii,qnodcelebri
1356 3882 1826 3962 Gbent(Gandcnum)nuncnps=

118 3970 281 4039 constituit,
297 3969 441 4044 bonisque
455 3968 594 4025 omnibns
617 3967 799 4041 locupletans
814 3969 943 4042 gratuls·
997 3968 1755 4048 turvocabulomonacbis,quequeexdigniseorum
1765 3991 1827 4037 mo·

119 4060 238 4117 bundas
249 4059 364 4116 ditavit.
377 4057 477 4132 Regali
492 4058 592 4130 itaque
609 4057 729 4114 iunctus
743 4057 839 4114 cilleia
853 4057 943 4114 veluti
998 4058 1080 4115 ribus
1095 4057 1218 4115 honesta
1232 4057 1413 4131 colligentes,
1427 4059 1469 4117 uti
1492 4078 1561 4134 apes
1580 4062 1679 4120 levum
1695 4066 1825 4125 ιιοοιιιίι

118 4150 271 4223 pastorum
281 4151 382 4222 pastor
391 4144 544 4215 sollicitus,
556 4163 574 4202 a
586 4146 697 4202 rabidis
713 4147 891 4219 perfidorum
902 4162 944 4204 re
997 4164 1012 4204 a
1026 4146 1149 4204 diversis
1163 4150 1315 4219 pratorum
1327 4148 1449 4206 ttoribus
1458 4151 1488 4206 in
1500 4167 1558 4207 nno
1568 4150 1707 4224 alveario,
1717 4153 1761 4213 its
1769 4154 1824 4214 Μ

119 4237 210 4308 tibus,
227 4236 271 4295 uti
285 4236 436 4294 hiantibus
459 4235 597 4308 luporum
622 4234 757 4293 lancibus
773 4252 851 4305 eves,
869 4252 942 4312 quas
997 4251 1113 4293 morum
1125 4236 1475 4295 consuetudinesadvitu
1486 4239 1682 4312 honestatem,
1693 4245 1726 4303 et
1737 4230 1833 4321 regui

118 4326 236 4386 Domini
250 4324 392 4402 largiente
407 4324 502 4399 gratis
520 4323 672 4380 studiosus
695 4323 861 4399 collegerat,
876 4341 941 4381 mu·
996 4324 1067 4382 laris
1082 4325 1272 4383 observantia
1288 4325 1482 4397 dulcedinem,
1495 4332 1528 4385 ut
1543 4329 1579 4386 ab
1602 4328 1662 4396 his,
1676 4330 1732 4404 qui
1744 4331 1820 4390 vin

119 4416 225 4473 nicndc
238 4415 358 4489 eripuit,
368 4413 546 4487 conjugique
556 4429 616 4469 suar
625 4411 772 4486 Alpbridcs
787 4413 942 4472 sanctimo-
997 4413 1113 4489 regione
1123 4415 1330 4472 mandatorum
1343 4415 1459 4473 Domini
1469 4416 1580 4490 absque
1591 4418 1822 4490 jactanticulus

119 4505 231 4563 nialum
251 4506 402 4575 mandras,
417 4507 452 4559 ut
474 4500 614 4575 impavidi
640 4517 721 4559 more
744 4502 876 4560 custodis
891 4503 941 4560 de·
995 4503 1080 4561 lactei
1098 4502 1194 4560 adhuc
1217 4502 1369 4561 humiliter
1385 4504 1537 4577 incedunt,
1556 4505 1681 4580 depulso
1706 4522 1822 4567 nunu

118 4596 248 4652 tenderet
262 4592 435 4653 cautissime
447 4590 595 4662 pracepit,
608 4593 640 4645 ιιι
653 4590 789 4648 videlicet
803 4608 868 4648 mas
883 4608 942 4649 ma·
996 4592 1081 4650 tedio
1096 4593 1160 4650 sine
1170 4591 1288 4666 quercla
1302 4591 1433 4667 legitime
1447 4593 1555 4652 haustu
1566 4596 1720 4670 degustari
1732 4596 1823 4657 besn-

117 4684 200 4742 ribus
214 4682 323 4741 lemine
342 4679 470 4748 leminis,
486 4679 550 4735 sine
571 4677 632 4734 ulle
656 4680 834 4754 suspicionis
857 4698 940 4738 scru-
996 4681 1123 4752 tissime,
1134 4698 1167 4738 sc
1177 4681 1261 4740 ande
1270 4680 1391 4740 amabili
1400 4687 1522 4757 possent
1530 4683 1646 4758 impleri
1655 4685 1822 4756 devotione,

116 4772 186 4847 pulo
201 4771 379 4829 subveniret.
956 4755 981 4824 D
996 4773 1158 4844 temperata
1172 4786 1239 4828 cum
1254 4786 1363 4845 magna
1380 4777 1469 4845 atquc
1492 4772 1594 4830 subtili
1609 4773 1737 4833 rationis
1757 4776 1824 4835 dis·

153 4859 290 4937 Regulari
305 4859 404 4932 itaque
417 4857 511 4914 sancti
528 4857 676 4914 Benedicti
687 4858 942 4918 normahonestis
996 4863 1057 4918 crct
1058 4860 1133 4928 ione,
1140 4859 1249 4917 Christi
1260 4860 1364 4918 mnndi
1375 4861 1532 4919 Salvatoris
1542 4861 1824 4941 opitulentegrw‘u,

117 4951 192 5009 sime
206 4952 354 5022 suscepta,
371 4951 432 5004 tam
455 4947 576 5004 abbates
591 4964 680 5020 quam
704 4946 835 5020 plurimi,
851 4963 941 5021 quam
996 4949 1051 5006 hoc
1065 4949 1169 5022 exiguo
1185 4953 1386 5021 apposuerunt
1399 4949 1547 5008 carticello
1561 4949 1739 5028 [codicelch.
1799 4972 1824 5005 ·:

117 5039 272 5099 abbatissa
288 5055 355 5095 cum
371 5036 428 5094 sibi
443 5036 586 5110 subjectis
611 5037 734 5093 iratrnm
750 5053 942 5110 sororumque
1031 5039 1072 5094 Ne
1087 5038 1177 5110 igitur
1191 5037 1299 5110 singuli
1315 5038 1340 5094 si
1364 5056 1461 5111 suam,
1472 5040 1549 5113 quod
1573 5039 1662 5108 absit,
1677 5040 1822 5101 odinven-

116 5128 248 5204 collegiis
270 5132 439 5185 sanctorum
460 5127 543 5199 sequi
567 5126 691 5200 vcstigia
716 5144 774 5182 una
798 5127 865 5196 tide,
883 5144 940 5184 non
995 5129 1104 5183 tionem
1116 5131 1220 5199 suapte
1229 5129 1457 5200 praesumptuosi
1468 5128 1824 5201 eligerentexcsusnticst-

115 5223 213 5275 tamen
224 5230 283 5276 uno
294 5215 516 5275 consuetudinis
529 5233 596 5282 usu,
609 5215 741 5272 certatim
753 5231 820 5272 enm
833 5232 941 5290 magna
996 5234 1078 5274 mum
1094 5219 1202 5273 sancta
1213 5216 1384 5273 obedientias
1395 5218 1523 5274 fructum
1538 5217 1666 5291 alicujus
1680 5234 1821 5295 arrogan-

116 5309 294 5364 studucrunt
307 5304 463 5363 hilaritate.
483 5304 545 5362 Tali
565 5305 657 5379 igitur
677 5321 711 5360 ae
736 5308 818 5362 tanto
843 5306 940 5363 studio
996 5307 1041 5363 tim
1052 5307 1129 5362 tastu
1139 5304 1288 5377 inopinate
1299 5306 1411 5362 seducti
1423 5305 1628 5363 miserabiliter
1639 5306 1819 5379 amitterent,

116 5397 254 5468 praetatus
267 5413 317 5454 rex
331 5411 508 5469 magnopere
519 5394 689 5464 delectatus,
702 5410 808 5451 arcana
818 5412 941 5469 queque
995 5413 1028 5454 ac
1044 5393 1253 5453 Surabaitevel
1272 5395 1337 5451 iera
1353 5396 1548 5468 potiusquam
1558 5395 1823 5455 monacbiautbn·

116 5482 248 5556 diligenti
263 5501 334 5542 eura
348 5484 520 5542 examinans
535 5483 673 5557 synodale
688 5483 845 5541 concilium
860 5485 941 5541 Win·
995 5486 1089 5542 mines
1099 5484 1283 5542 viderentur:
1298 5484 1461 5558 legitimum
1472 5490 1572 5543 votum
1581 5486 1708 5544 Domino
1718 5488 1819 5544 nostro

117 5571 203 5638 tonia
219 5574 280 5632 ilari
296 5573 432 5643 decrerit,
448 5571 575 5644 illucque
589 5573 677 5631 verba
698 5573 939 5635 exhortatoriam
994 5575 1064 5634 Jesu
1075 5573 1189 5634 Christo
1201 5573 1355 5633 unanimes
1362 5578 1512 5643 voverunt,
1519 5578 1661 5650 pactoque
1671 5573 1825 5650 spirituali·
