3900 6090
91 263 133 324 85
894 262 996 322 vira.
1757 265 1798 325 86

93 396 252 468 virginum,
269 392 318 448 cui
331 390 460 447 narravit
474 407 508 447 ex
532 391 633 447 ordine
648 395 726 465 qurm
743 394 797 449 sibi
818 399 915 448 osteu-
930 396 956 461 Α
973 397 1026 464 pia,
1042 396 1203 451 ‹territionis
1228 396 1338 451 solvere
1363 397 1506 469 nequiret,
1529 402 1615 468 caput
1641 394 1795 452 humiliter

93 503 160 543 sum
178 484 273 538 lucrat
286 482 316 536 in
329 487 472 536 nocturna
485 480 606 537 risione.
623 485 658 537 At
674 481 732 550 illa,
755 483 830 538 sicut
854 487 916 538 erat
970 486 1200 556 urruiipoteutern
1225 486 1382 540 Durniuum
1409 491 1547 559 rogatura
1572 484 1737 550 declinavit,
1764 489 1792 540 et

93 574 193 646 sagaci
206 571 305 627 animo
320 568 599 642 prudentissimam
612 571 758 626 interdum
775 571 862 626 etiam
875 572 917 625 lu-
970 573 1122 629 confestim
1140 574 1237 631 (lirina
1252 574 1438 630 miseratione
1453 575 1596 632 consolari
1617 575 1789 646 promeruit.

93 670 240 727 turorum,
257 658 380 715 Domino
396 656 551 727 revelante,
568 659 699 730 prescia,
717 661 752 714 dc
768 659 916 715 nascituro
970 664 1042 719 Nam
1060 662 1170 718 nullam
1187 664 1523 735 molestiamprocellosa
1539 664 1792 736 tempestatissen·

91 752 206 808 intanto
221 747 316 805 multa
329 746 472 820 praedixit,
489 765 552 819 qua
572 764 640 803 vera
654 765 718 803 esse
743 765 841 804 rerum
857 747 916 803 cxi·
971 754 1163 818 tiens,subitu
1178 770 1245 807 eum
1266 752 1409 809 infantulo
1426 754 1542 809 tinente
1566 758 1611 809 est
1633 754 1738 811 sedens
1761 752 1791 806 in

93 848 144 897 tus
158 837 307 895 iudicavit.

130 930 198 986 dn.
216 927 264 983 lll.
280 928 388 983 -Nos
404 942 521 998 quoque
541 927 709 981 eorumdem
735 927 916 983 sorrruioram

92 1020 274 1090 conjectores
289 1033 354 1072 esse
364 1015 570 1088 possumus,in
588 1015 706 1071 sublimi
717 1015 821 1071 vexillo
833 1016 916 1070 iutel-

92 1109 219 1181 ligantes
233 1110 368 1161 sanctum
384 1105 548 1176 virum,qai
564 1110 634 1160 tune-
651 1105 679 1161 in
692 1109 774 1160 utero
786 1106 919 1176 portaba-

92 1192 918 1268 tur,quandoqueluturummilitiadleisigniterurn,sieul

93 1292 123 1342 et
137 1292 211 1352 erat,
226 1301 314 1357 quem
330 1283 504 1339 multimoda
519 1281 711 1338 reluctatione
726 1288 827 1338 contra
841 1283 918 1338 auti-

92 1373 307 1448 quumhostem
314 1390 367 1446 pro
378 1372 547 1428 defensione
556 1377 663 1430 sanctae
675 1371 918 1428 matrisllcelesirs

11 1464 17 1471 '
92 1463 331 1537 congredientem
345 1461 483 1528 adimus,
500 1460 622 1533 ipsoque
639 1460 775 1528 bellante,
792 1461 851 1517 imo
868 1478 919 1532 per

92 1555 192 1625 ipsam
207 1552 266 1608 Deo
280 1550 423 1617 vincente,
444 1565 599 1623 pravorum
622 1549 858 1605 machinamenta
883 1551 918 1605 ad

92 1641 222 1698 nihilum
237 1641 356 1699 redacta
377 1639 593 1710 conspeximus.
610 1639 645 1694 Et
668 1639 737 1711 quia
759 1638 857 1711 aquila
882 1639 918 1694 ab

92 1732 230 1788 acumine
244 1727 398 1786 oculorum
412 1734 542 1794 vocatur,
557 1733 585 1783 et
601 1733 728 1783 testante
751 1744 834 1784 sacro
857 1727 916 1783 erlo-

92 1823 163 1896 quio
173 1819 705 1892 thesaurusdesiderabilisrcquieseit
715 1818 917 1892 inorcsapicn·

971 841 1092 897 ecelesia
1109 859 1196 914 quum
1213 843 1292 897 adire
1307 841 1490 912 disponebat,
1508 842 1556 898 uhi
1573 841 1715 897 solemnia
1725 840 1794 897 mis·

972 948 1071 986 sarum
1087 931 1239 1004 presbyter
1253 929 1416 986 celebrabat
1431 947 1437 985 :
1450 935 1477 984 et
1493 930 1568 1003 quod
1586 929 1667 985 nulla
1680 929 1793 987 ratione

972 1021 1089 1074 eredere
1105 1020 1250 1090 potuisset
1266 1024 1299 1073 ut
1315 1020 1407 1088 tieret,
1424 1019 1534 1073 iactum
1549 1018 1736 1074 vehementer
1746 1034 1793 1073 ex·

973 1109 1065 1180 pavit:
1082 1113 1110 1164 et
1122 1124 1224 1163 ornnes
1239 1108 1328 1178 hujus
1341 1108 1381 1163 rei
1398 1112 1607 1180 cognoscentes
1618 1106 1794 1163 miraculum

973 1215 1085 1271 nrzrgruu
1096 1197 1298 1253 admirationis
1310 1202 1412 1268 stupor
1423 1197 1539 1251 nicasii..
1550 1197 1632 1254 Sicut
1643 1197 1721 1253 enim
1733 1212 1796 1271 pro·

974 1287 1062 1359 pheta
1075 1288 1222 1360 quondam
1239 1302 1273 1340 ax
1286 1286 1387 1342 Jrrdaeo
1407 1291 1525 1359 repente
1549 1285 1694 1351 sublatus,
1712 1292 1741 1340 et
1764 1285 1794 1339 in

973 1376 1108 1432 Chaldaea
1123 1393 1189 1431 cum
1207 1375 1328 1447 prandio
1349 1375 1511 1448 depositus,
1528 1374 1569 1431 sic
1594 1374 1698 1431 treatus
1722 1390 1795 1447 puer

972 1463 1162 1521 ilrlelwoldus
1177 1465 1232 1520 suh
1248 1469 1397 1520 momente
1413 1480 1480 1519 eum
1496 1464 1609 1519 nutrice
1634 1464 1664 1519 iu
1684 1458 1804 1536 templo

973 1560 1018 1610 est.
1033 1560 1237 1626 presentatus,
1255 1558 1287 1610 ut
1300 1554 1376 1609 sicut
1391 1551 1441 1608 ille
1456 1552 1557 1608 reiecit
1576 1568 1704 1625 congruo
1722 1558 1794 1609 tem·

973 1662 1041 1716 pore
1057 1643 1206 1699 Danielem
1224 1642 1395 1715 prophetam
1412 1643 1441 1697 in
1456 1641 1522 1697 lacu
1537 1641 1665 1710 leonum,
1683 1641 1724 1696 sic
1741 1641 1795 1699 iste

973 1734 1067 1790 millia
1081 1733 1257 1805 populorum
1274 1734 1406 1805 pasceret
1420 1732 1450 1786 in
1465 1729 1594 1787 Ecclesia
1613 1734 1793 1786 sanctorum.

1008 1824 1075 1879 Car.
1101 1822 1148 1879 Vl.
1173 1854 1206 1864 —
1231 1822 1323 1894 Igitur
1346 1819 1517 1892 quotidiano
1547 1819 1679 1893 proiectu
1703 1817 1794 1877 cccvii

92 1913 236 1977 tis;1ecte
250 1927 301 1982 per
315 1924 436 1965 auream
455 1908 674 1981 aquilamque
699 1914 790 1965 totam
815 1909 916 1964 urbem
971 1931 1043 1985 puer
1058 1914 1139 1967 boum
1157 1910 1273 1975 indolis,
1290 1915 1318 1965 et
1334 1910 1362 1963 in
1378 1910 1442 1981 ipsa
1461 1924 1528 1965 moa
1552 1907 1677 1980 pueritia
1702 1907 1794 1965 saeris

91 1999 377 2057 alarumvclamento
389 1998 634 2055 obumbrareviso
648 1997 789 2065 est,idem
801 1997 917 2069 praecla-
971 2002 1133 2057 litterarum
1152 2001 1258 2055 studiis
1273 1999 1399 2054 traditus
1411 2016 1417 2052 :
1431 2001 1463 2053 ul
1478 1998 1525 2068 qui
1543 1997 1608 2052 aliis
1622 1995 1700 2051 viam
1716 1994 1792 2051 salu·

93 2108 145 2146 rus
158 2091 203 2144 air
217 2089 308 2144 totitas
323 2087 472 2160 sapientiae
483 2087 806 2160 (thesauroldecoratuu
820 2087 914 2159 expri-
972 2093 1008 2147 tis
1020 2098 1082 2146 erut
1096 2096 1278 2153 ostensurus,
1296 2091 1357 2159 ipse
1384 2103 1452 2142 eum
1483 2086 1574 2141 Maria
1592 2101 1677 2141 secus
1702 2085 1791 2157 pedes

91 2178 199 2246 mitur,
215 2177 265 2250 qui
281 2176 442 2251 perspicaci
459 2181 487 2232 et
501 2176 712 2232 irreverberato
734 2178 830 2230 cordis
854 2177 915 2231 aeia
971 2181 1083 2236 llou‘riui
1101 2179 1251 2233 luuuilitcr
1270 2178 1393 2243 sederet,
1410 2180 1438 2230 ot
1451 2176 1572 2230 verbum
1588 2191 1622 2229 ox
1637 2191 1687 2229 oro
1710 2173 1792 2231 illius

91 2269 191 2322 divina
206 2265 384 2334 uroditaudo,
397 2281 512 2338 semper
527 2266 563 2320 ad
578 2265 707 2321 coelestia
722 2283 774 2336 per
788 2269 915 2319 coutem-
969 2270 1128 2325 sulubriter
1142 2268 1266 2323 audiret.
1283 2265 1443 2321 eratenim
1465 2264 1550 2336 agilis
1574 2268 1679 2321 natura
1704 2268 1790 2337 alque

91 2357 251 2428 plationem
266 2354 418 2422 volarit‚ct
432 2372 520 2427 super
534 2353 811 2427 Ecclesianr‚rnagui
828 2355 915 2425 llegis
969 2365 1072 2414 uentus
1090 2357 1215 2428 iugenio,
1232 2356 1273 2410 ito
1288 2360 1321 2410 ut
1337 2354 1480 2426 quidquid
1496 2354 1641 2425 majorum
1657 2353 1791 2410 traditio·

91 2444 250 2511 civitatem,
271 2459 360 2516 quam
383 2444 535 2500 contrarios
559 2447 718 2514 potestates
743 2442 914 2515 impugnare

92 2532 487 2599 nitebantur,umbraculum
495 2535 619 2603 palerna
631 2532 818 2602 protectionis
830 2532 914 2603 louge

92 2623 208 2694 lateque
221 2622 370 2694 expandit,
386 2626 415 2676 et
429 2625 631 2676 consummato
653 2620 719 2673 troni
744 2621 914 2675 certaminis

969 2466 1004 2502 ne
1021 2448 1172 2512 didicerat,
1190 2462 1247 2500 uon
1268 2444 1397 2517 seguiter
1421 2442 1558 2499 oblivioni
1583 2443 1720 2509 traderet,
1737 2441 1789 2499 sed

970 2538 1062 2591 terrori
1092 2536 1190 2606 potius
1217 2535 1363 2589 memorie
1388 2533 1616 2587 commendaret.
1647 2530 1790 2588 Studchat

968 2627 1056 2679 etiam
1073 2630 1188 2679 teneros
1210 2623 1341 2694 primitiae
1356 2639 1449 2675 anuos
1475 2637 1589 2675 morum
1615 2621 1788 2677 honestaret

92 2729 194 2775 cursu,
206 2712 242 2766 ad
257 2709 398 2766 visionem
414 2709 463 2764 Dei
479 2710 688 2764 insonaturum
701 2711 841 2764 comitatu
854 2726 914 2780 per
967 2718 1109 2770 uirtutum
1127 2713 1296 2768 maturitate
1312 2711 1437 2775 allicere,
1453 2709 1559 2764 divinis
1573 2725 1689 2779 semper
1704 2709 1788 2764 obso-

92 2802 181 2861 veuit.
197 2800 274 2854 siout
290 2800 318 2853 in
335 2797 488 2869 Evangelio
511 2814 580 2853 uoce
604 2798 756 2853 borninicu
781 2799 888 2853 dicitur
905 2816 911 2852 :
968 2805 1046 2876 (μιῆς
1061 2804 1160 2856 ramniu
1174 2800 1308 2855 membra
1322 2816 1376 2854 sira
1390 2797 1566 2869 mancipare,
1581 2802 1610 2852 ct
1623 2798 1660 2852 ad
1675 2797 1725 2852 Dei
1737 2797 1790 2853 im·

93 2889 468 2960 tilieuraqaesucritcorpaa,
482 2888 911 2959 ittucconprepubaaau·aquina.
968 2894 1104 2966 ptendaur
1122 2891 1301 2946 voluntatem
1319 2892 1407 2943 tutam
1431 2888 1538 2942 mentis
1563 2902 1622 2941 sua
1647 2886 1787 2943 intentio·

90 2979 165 3043 Ouia
181 2977 230 3031 ubi
248 2977 310 3047 ipse
325 2977 502 3047 Redemptor
517 2982 615 3031 nostor
629 2982 674 3030 cst
698 2990 828 3046 corpore,
845 2976 912 3035 illuc
968 3000 1033 3038 nem
1051 2981 1175 3053 dirigere.
1192 2996 1198 3033 :
1216 2980 1314 3050 sicque
1330 2977 1482 3048 praecptis
1497 2975 1604 3031 Christi
1616 2975 1788 3031 maneribus

91 3065 193 3138 procul
207 3065 297 3119 dubio
310 3080 367 3119 nou
382 3063 561 3137 colliguntur
575 3064 734 3119 electorum
754 3065 868 3132 animm,
885 3069 914 3119 et
968 3078 1045 3127 ructo
1060 3069 1180 3125 vivendo
1196 3067 1306 3140 gratiam
1321 3065 1466 3133 exhibere,
1484 3070 1516 3121 ut
1532 3064 1568 3121 ad
1588 3065 1701 3135 majora
1724 3080 1789 3135 par·

91 3157 121 3210 in
137 3154 472 3210 lutaraeresurrectionis
488 3152 581 3226 gloria
597 3153 665 3208 illue
682 3170 909 3225 quoqueeorum
928 3135 948 3200 C
968 3160 1102 3232 nipionda
1116 3159 1223 3227 dignus
1238 3158 1400 3210 moreretur
1414 3153 1562 3209 exsistere.

92 3241 268 3315 colligentur
283 3248 311 3299 et
325 3256 456 3314 corpora.
473 3243 537 3297 llaec
558 3243 593 3297 de
616 3243 797 3297 somniorum
822 3241 914 3297 inter-

93 3333 255 3405 pretatione
271 3332 396 3388 breriter
410 3332 538 3387 diximus
555 3349 562 3386 :
578 3349 656 3387 nuno
676 3332 711 3385 od
738 3331 914 3386 narrationis

93 3422 226 3478 ordinem
243 3422 406 3478 redeamus.

129 3512 197 3566 Cur.
214 3511 261 3566 lV.
277 3511 453 3577 -Quadam
469 3511 652 3582 uamquedie
668 3527 735 3564 cum
752 3512 915 3582 molcrejus

94 3600 201 3671 stipata
212 3600 325 3655 civibus
339 3602 430 3654 staret
440 3599 469 3654 iu
481 3597 612 3666 ecelesia,
625 3615 714 3654 sacra
730 3599 826 3654 missu
841 3599 914 3655 ccle-

97 3689 220 3743 brationi
236 3688 377 3745 interesse
392 3689 573 3754 desiderans,
585 3690 678 3744 sensit
691 3690 820 3744 animam
833 3688 914 3760 pueri

95 3795 180 3848 quem
195 3777 314 3849 gerebat
330 3778 359 3833 in
375 3782 469 3841 utero,
479 3777 604 3846 venisse,
616 3783 645 3834 et
659 3778 689 3834 in
700 3795 767 3833 cum
779 3778 829 3833 tlei
841 3783 913 3833 nutu

94 3872 197 3922 cuncta
226 3867 404 3923 moderantis
436 3865 578 3935 intrasse,
614 3869 690 3922 sicut
719 3872 821 3938 postea
852 3866 914 3938 ipse

94 3962 213 4010 sauctus
228 3954 278 4027 qui
293 3957 462 4012 nasciturus
478 3960 551 4024 erat,
564 3958 627 4028 J'am
649 3958 803 4028 episcopus
829 3956 913 4011 nobis

92 4045 245 4117 gaudendo
261 4044 412 4100 referebat.
428 4047 542 4116 Exque
558 4047 723 4101 ostenditur
737 4063 804 4101 oum
821 4064 836 4101 a
855 4046 912 4101 lleo

92 4133 216 4188 electum
231 4134 379 4189 exstitisse
393 4136 483 4189 etiam
504 4140 661 4206 antequam
687 4141 866 4201 nasceretur,
883 4140 912 4188 et

1004 3251 1071 3303 thr.
1088 3247 1148 3301 Vll.
1166 3278 1199 3285 -
1213 3246 1344 3316 tlumque
1361 3242 1491 3298 tloreutis
1507 3240 1709 3298 adolescentis
1723 3258 1791 3299 eou-

970 3340 1095 3407 tinperet
1110 3340 1236 3401 atatem,
1248 3333 1424 3404 preconium
1441 3336 1548 3387 sancta
1564 3332 1792 3389 conversationis

969 3431 1033 3499 ejus
1050 3425 1217 3482 AEdclstano
1233 3422 1303 3495 regi,
1315 3422 1375 3477 tilio
1390 3421 1519 3492 predicti
1531 3421 1609 3494 regis
1624 3420 1791 3488 aedwardi,

970 3519 1048 3571 iluna
1063 3516 1200 3588 vulgante
1227 3513 1395 3567 nuntiatum
1421 3515 1475 3578 est,
1488 3511 1686 3581 juvenemque
1711 3509 1792 3566 iesti-

970 3610 1074 3660 nanter
1088 3603 1223 3658 accessiri
1240 3600 1442 3673 praecpitem
1459 3615 1526 3654 enm
1542 3599 1687 3655 adductus
1701 3602 1793 3653 staret

970 3695 999 3748 iu
1015 3693 1170 3764 prasentia
1185 3690 1272 3762 regis,
1294 3687 1404 3743 invenit
1428 3688 1552 3758 gratiam
1578 3688 1609 3741 in
1632 3691 1791 3760 conspectu

969 3785 1043 3853 epus,
1060 3786 1089 3835 et
1104 3782 1132 3834 in
1148 3778 1240 3834 riculis
1264 3778 1439 3848 optimatum
1464 3778 1548 3846 ejus3
1565 3775 1662 3847 ibique
1686 3775 1790 3830 indiu-

969 3875 1026 3927 duo
1041 3870 1181 3925 comitatu
1199 3867 1325 3922 multruu
1342 3866 1482 3936 temporis
1502 3881 1591 3937 agens
1616 3865 1645 3919 in
1670 3863 1789 3935 palatio,

969 3960 1053 4032 plura
1068 3977 1085 4014 a
1099 3957 1283 4029 sapientibus
1299 3954 1470 4027 regisutilia
1484 3970 1517 4008 ao
1532 3952 1662 4025 protloua
1677 3953 1731 4008 sihi
1749 3954 1791 4009 di·

968 4049 1047 4104 dieii.
1062 4050 1098 4104 nt.
1113 4049 1231 4102 domurn
1244 4046 1366 4117 jubente
1387 4060 1454 4115 rege
1479 4044 1515 4098 uh
1539 4042 1647 4115 AElfego
1671 4041 1788 4098 Winte-

967 4140 1060 4193 nieusi
1077 4138 1212 4208 episcopo
1232 4135 1393 4190 secundum
1419 4149 1530 4187 morem
1556 4130 1788 4188 ecclesiasticum

92 4223 218 4278 animam
234 4222 374 4293 procreati
391 4223 521 4279 hominis
548 4241 616 4291 nou,
633 4230 665 4279 ut
690 4225 810 4296 qaudam
834 4224 910 4278 usti·
967 4229 1047 4300 prius
1064 4228 1099 4282 ad
1116 4225 1271 4280 clericatus
1286 4223 1416 4278 olllcium
1432 4226 1610 4290 tonsoratus,
1627 4238 1660 4276 ac
1682 4222 1787 4278 deinde
1831 4283 1834 4287 ,

91 4317 181 4377 urrant,
198 4328 215 4365 a
230 4311 365 4381 patravel
382 4328 398 4366 a
414 4316 508 4366 matre
523 4312 665 4368 existendi
681 4313 799 4368 initium
813 4330 911 4368 sume·
965 4319 1067 4389 paucis
1082 4315 1249 4370 luhentihus
1264 4329 1408 4368 annorum
1430 4310 1584 4366 curriculis
1606 4310 1635 4365 in
1661 4312 1785 4384 gradum

91 4416 132 4467 m,
148 4401 197 4454 sed
214 4407 247 4454 ut
261 4416 326 4455 vere
342 4407 371 4455 ct
386 4402 497 4473 absque
511 4403 592 4457 omni
607 4403 755 4457 dubietate
770 4401 909 4467 creditur,
964 4405 1175 4461 sacerdotalem
1190 4407 1376 4458 consecratus
1392 4405 1446 4455 est.

90 4488 184 4543 asoto
198 4490 333 4545 Creatore
348 4490 467 4545 vitalem
483 4489 620 4562 spiritam
637 4491 786 4558 viritteari,
803 4496 832 4544 et.
852 4491 909 4544 sin·
922 4505 947 4571 υ
1000 4496 1067 4549 Cur.
1083 4493 1157 4547 l'lll.
1174 4524 1208 4533 -
1225 4492 1287 4563 lpse
1303 4492 1381 4545 enim
1397 4490 1488 4546 heatae
1502 4488 1711 4545 recordationis
1732 4488 1783 4544 Pa·

90 4577 214 4649 gillatim
231 4577 387 4653 uuicuique
403 4580 477 4635 dari.
494 4579 632 4635 Nascitur
646 4596 713 4652 ergo
729 4580 847 4635 iuturus
857 4579 906 4634 Dei
965 4589 1008 4638 ter
1022 4582 1150 4654 Eltegus
1167 4582 1243 4635 inter
1256 4586 1360 4634 crotera
1376 4579 1430 4634 sibi
1452 4578 1558 4634 collata
1584 4572 1782 4649 spiritualium

89 4667 228 4736 pontifex,
245 4672 273 4722 et
288 4667 366 4723 tonte
381 4669 568 4740 baptismatis
585 4668 613 4722 in
637 4669 753 4723 Christo
778 4674 906 4729 renatus.
962 4673 1173 4727 charismatum
1190 4671 1275 4731 dona,
1293 4668 1451 4740 prophetia
1472 4668 1576 4739 spiritu
1603 4665 1731 4737 pollebat
1753 4672 1783 4721 et

87 4755 239 4811 adelwold
262 4773 280 4811 a
303 4758 473 4827 parentibus
496 4762 543 4811 est
566 4757 739 4829 appellatus.
757 4758 907 4830 sanctique
962 4753 1784 4833 eontigiteumordinasseinipsotemporesimulDunstu-

86 4844 256 4900 chrismatis
284 4847 420 4902 unctione
448 4848 650 4909 confirmatus,
681 4847 780 4916 qratia
805 4847 853 4900 liei
878 4847 905 4900 in

85 4934 223 4988 omnihus
238 4935 469 4991 commendatus.

120 5025 185 5077 thr.
200 5022 234 5075 V.
252 5054 285 5062 —
308 5023 420 5080 Accidit
444 5024 523 5079 enim
548 5025 675 5095 quadam
701 5024 823 5080 solemni
848 5025 905 5089 die,

85 5128 151 5166 cum
167 5129 249 5167 nrore
261 5111 346 5167 solito
361 5113 460 5168 nutrix
475 5111 555 5167 illius
570 5114 606 5168 ad
623 5112 775 5169 ecclesiam
787 5131 905 5186 pergere

84 5204 109 5249 et
127 5200 250 5253 orationi
270 5201 436 5256 incumbere
453 5202 640 5267 decrevisset,
652 5205 711 5256 lum
727 5202 852 5257 validam
866 5204 906 5256 iu-

83 5289 225 5345 undanlis
241 5288 344 5361 pluvis
359 5295 565 5361 tempestatem
588 5307 751 5364 erumpere,
768 5298 799 5346 ut
825 5299 906 5348 extra

83 5376 137 5431 loci
154 5377 256 5445 limen,
272 5378 322 5433 ubi
338 5381 369 5433 iu
387 5380 499 5451 gremio
524 5384 626 5435 tenens
650 5382 786 5435 eumdem
810 5381 906 5437 inlau-

82 5472 142 5520 tem
175 5468 302 5535 sederat,
332 5468 436 5539 pedem
470 5486 585 5524 morere
616 5451 809 5541 nou⁸posset
840 5473 906 5536 Qus

85 5556 156 5610 dum
185 5573 312 5613 moereus
335 5557 519 5614 amarissime
545 5559 638 5618 lleret,
655 5576 688 5613 eo
712 5558 789 5630 quiid
807 5566 907 5613 votum

962 4867 1032 4904 num
1049 4853 1074 4900 et
1092 4847 1295 4913 ¹tdelwodum,
1310 4850 1337 4899 et
1352 4845 1520 4915 quemdum,
1531 4841 1720 4897 Edclstouum
1734 4858 1781 4898 vo-

961 4937 1132 5008 ‹rabrrloqui
1145 4936 1330 5007 postmodum
1349 4931 1544 4987 monachilem
1555 4930 1689 4987 habitum
1700 4933 1781 4989 dese·

961 5045 1028 5083 rens
1039 5031 1172 5098 apostata
1183 5020 1511 5093 tiuetermsperduravit.
1519 5019 1670 5092 (locupleta
1680 5027 1779 5078 autem

959 5117 1117 5170 ruissarrun
1131 5112 1450 5168 celebrationesauctus
1461 5109 1584 5165 antistes
1595 5110 1712 5185 Ellegus
1723 5114 1778 5168 sibi

960 5206 1141 5259 adherentes
1158 5204 1195 5256 ita
1210 5201 1389 5270 alloquitur:
1409 5221 1422 5247 u
1438 5198 1527 5254 Hodie
1543 5216 1640 5255 coram
1656 5202 1714 5256 Deo
1727 5203 1777 5256 tri·

960 5295 1015 5349 hus
1031 5294 1216 5347 atrismanus
1232 5290 1482 5361 inrpnsui,eosque
1498 5289 1528 5344 in
1544 5289 1779 5345 sacerdotiiordi-

961 5398 1028 5436 nem
1043 5380 1206 5435 consecrari
1221 5397 1226 5434 :
1244 5394 1368 5453 quorum
1385 5378 1442 5433 duo
1456 5378 1490 5433 ad
1508 5376 1701 5451 episcopalem
1716 5394 1779 5451 per·

961 5471 1076 5542 lingent
1092 5470 1214 5540 apicem,
1232 5487 1308 5525 uuus
1324 5469 1443 5542 quidem
1459 5467 1588 5540 primum
1612 5467 1642 5521 iu
1664 5468 1780 5525 civitate

965 5558 1163 5630 wigornensi,
1179 5558 1285 5615 deinde
1300 5559 1330 5615 in
1344 5557 1457 5625 Cautia,
1475 5573 1540 5627 que
1554 5559 1598 5613 est
1614 5556 1785 5630 metropolis
1863 5630 1869 5645 x
