3900 6090
117 249 182 312 313
501 237 748 308 aequaturus
769 246 873 305 ΡΑΡΑ
895 244 960 308 Vll.
983 279 1022 289 -
1044 245 1203 307 NOTITIA
1226 246 1447 309 lllS'l'OlthA.
1767 248 1827 310 alt

117 385 248 457 alicujus
263 384 484 457 participatione
499 382 542 438 vel
559 381 778 448 reclamatione,
795 385 826 436 ut
842 397 875 435 ea
890 380 948 452 ple·
962 383 987 447 Α
1004 397 1077 453 gena
1091 381 1293 437 maledictione
1310 381 1413 453 repleri
1431 385 1678 453 mercatur,atque
1689 381 1826 440 omnibus

119 477 200 531 niter
213 473 371 548 possideat,
380 472 557 545 possidendo
572 487 764 544 (quacumque
776 469 898 525 voluerit
913 486 948 524 ex
1000 471 1165 526 viventibus
1189 470 1354 542 exemplum
1379 470 1495 526 malitiae
1517 470 1637 527 ultionis
1660 488 1719 526 suar
1739 470 1826 527 relin-

118 580 157 621 ea
170 565 196 620 ei
210 562 315 636 placet,
331 567 533 635 postmortem
550 578 635 616 suain
650 559 870 616 successoribus
885 559 947 614 suis
1002 564 1082 631 quat.
1099 562 1201 615 Amen.

120 669 187 709 eam
200 651 358 723 relinquat;
376 650 508 707 chartula
523 650 578 705 iste
595 651 679 704 firma
692 648 947 720 permaneat,quia
1039 649 1103 703 llaec
1119 655 1188 704 sunt
1204 649 1323 705 uomina
1338 650 1506 722 principum
1517 666 1549 704 ae
1566 650 1673 705 ducum
1685 651 1736 722 qui
1752 650 1827 706 hanc

120 742 318 798 veracitcrest
332 741 449 795 firmata
463 756 552 810 supra
568 740 662 805 firma,
675 738 725 809 qui
740 742 785 793 est
800 736 945 802 Christus,
1003 738 1188 793 donationem
1217 738 1353 793 viderunt
1380 744 1409 793 et
1435 739 1633 793 firmaverunt.
1661 739 1827 794 Bernardus

120 835 217 904 petra.
234 830 264 885 Si
281 829 347 901 qais
371 832 472 883 contra
496 827 571 881 hanc
598 824 763 880 chartulam
786 823 949 896 inquietare
1004 827 1093 881 frater
1114 828 1187 898 ejus.
1205 825 1377 882 Remundas
1405 828 1494 882 frater
1517 828 1589 899 ejus
1618 827 1721 883 Garcia
1740 828 1829 883 frater

120 919 247 974 valuerit
261 924 289 972 et
305 917 488 971 adversarius
504 917 568 987 ejas
587 914 739 979 exstiterit,
757 913 902 984 imprimis
920 913 948 967 in
1004 917 1078 987 ejus.
1096 915 1325 986 Agganricus,et
1340 921 1482 986 cognatus
1499 917 1574 986 ejus.
1585 915 1666 971 hltas
1678 914 1828 971 Tolosanaa

122 1011 169 1064 ira
183 1008 232 1063 lJci
251 1007 370 1072 incidat,
388 1010 475 1076 atque
500 1006 579 1060 omni
601 1008 729 1074 tempore
751 1002 948 1057 uialedictioui
1004 1004 1168 1074 episcopus.
1187 1003 1348 1056 Luiloricus
1365 1004 1540 1058 savanense.
1555 1005 1687 1059 Brrcrdus
1702 1004 1830 1060 Moutal-

122 1097 286 1168 subjaceat,
303 1095 383 1165 lepra
397 1094 526 1149 Naaman
543 1091 879 1158 succumbat,ulce.ribus
894 1091 949 1146 lob
1004 1090 1827 1148 tensehrnaldusOur·ancnse.Ar11aldusLemaniacense.

122 1185 402 1251 dominetur,morte
417 1183 530 1238 Anania
545 1187 573 1238 et
588 1181 711 1253 Saphira
727 1181 950 1247 monetaneum
1006 1182 1107 1236 Fortes
1123 1179 1328 1235 Ballicareusc.
1346 1178 1522 1235 Guillelmus
1539 1179 1758 1236 Galbisanense.
1776 1182 1829 1236 lle-

121 1274 219 1330 Dataa
235 1271 381 1327 ethbiron
407 1271 436 1327 in
459 1271 519 1326 ima
544 1274 654 1327 tartara
669 1270 866 1342 demergatur,
882 1285 950 1325 cum
1006 1269 1136 1324 mundus
1152 1270 1187 1323 dc
1209 1269 1377 1337 furesacco,
1407 1271 1435 1323 et
1461 1268 1565 1323 fratres
1590 1269 1664 1339 ejus,
1691 1270 1737 1324 cui
1764 1269 1832 1326 licet

122 1361 286 1420 Sodomitis
300 1364 330 1416 et
344 1359 538 1417 Gomorrhitis
554 1359 692 1430 inignem
705 1361 952 1429 perpetuumorc-
1007 1362 1154 1413 scrutetur
1166 1362 1233 1428 opto
1250 1362 1282 1412 ut
1296 1356 1465 1412 memineris
1481 1356 1597 1414 levitam
1623 1363 1719 1425 tuum,
1747 1376 1830 1415 sauc-

129 1455 239 1517 metur,
252 1453 282 1505 et
297 1466 364 1504 cum
380 1449 457 1505 luda
472 1447 641 1515 Sohariotis,
653 1463 720 1502 cum
737 1445 852 1502 diabolo
867 1451 895 1501 et
905 1463 953 1501 an·
1007 1448 1120 1503 tissime
1136 1447 1274 1518 pontifex.

129 1539 206 1613 gelis
217 1540 281 1612 ejus
297 1536 360 1594 siue
375 1538 433 1593 fruc
448 1537 645 1593 crucietur.llt
661 1537 731 1609 quid
742 1535 844 1610 plural
859 1535 996 1605 Omni-1}

773 1892 849 1932 ANNO
870 1892 973 1932 DOMINI
993 1892 1194 1932 ucccctxxxut.

420 2073 1048 2204 BENEOlGTUS
1095 2074 1353 2199 ΡΑΡΛ
1403 2074 1543 2199 Vll

691 2471 923 2559 NOTITIA
960 2472 1261 2561 HISTOlllCll

621 2623 714 2693 (Apud
731 2623 817 2696 ngs,
837 2622 1020 2678 Pontificium
1037 2625 1167 2690 doctum,
1184 2640 1250 2696 pag.
1266 2624 1342 2690 281.)

155 2879 333 2935 Benedictus
347 2878 408 2943 Vll,
427 2879 575 2935 Romanus
590 2878 628 2935 ex'
639 2881 796 2937 comitibus
811 2882 996 2952 Tusculanis,
1014 2883 1133 2939 Beodati
1149 2882 1265 2939 comitis
1281 2882 1371 2946 lilius,
1387 2884 1416 2939 S.
1426 2884 1458 2939 B.
1474 2882 1710 2949 ll.cardiualis,rt
1725 2884 1833 2964 episeo-

119 2968 177 3024 pus
193 2949 343 3017 Sutriuus,
360 2950 444 3021 pulso
460 2951 607 3006 francone
624 2969 675 3007 sea
692 2953 838 3009 Bonifacio
853 2954 917 3021 Vll,
934 2958 1042 3010 sancite
1058 2955 1136 3010 sedis
1153 2955 1295 3018 invasore,
1322 2971 1374 3025 pro
1397 2954 1554 3025 inquorum
1579 2971 1676 3025 opera,
1694 2953 1833 3026 legitimis

119 3021 262 3087 comitiis,
279 3020 464 3076 renuntiatus
479 3026 523 3077 est
539 3039 674 3078 summas
690 3024 819 3095 pontifex
835 3024 973 3080 Kalendis
988 3026 1080 3093 lunii,
1106 3043 1182 3080 anno
1207 3030 1313 3080 nostra
1338 2971 1453 3092 salietis,
1475 3024 1537 3078 075.
1556 3024 1607 3078 llic
1627 3025 1727 3079 statim
1744 3029 1834 3097 atquc

120 3092 232 3149 clectus
248 3097 293 3147 est
309 3091 436 3164 pontifex
451 3093 583 3148 animum
600 3094 635 3149 ad
652 3097 885 3166 componendam
901 3094 1035 3152 Ecclesia
1052 3101 1173 3162 statum,
1191 3113 1347 3168 moresque
1363 3095 1644 3160 ecclesiastieorum,
1667 3100 1832 3220 ternporum

121 3164 278 3236 iniquitate
294 3164 368 3218 mire
383 3169 544 3235 corruptos,
558 3167 713 3233 convertit;
731 3166 876 3222 celebrate
891 3168 921 3221 in
936 3167 1015 3223 hune
1030 3169 1118 3222 llnem
1135 3169 1256 3240 synodo,
1274 3168 1455 3232 Romanam
1471 3183 1530 3238 qua
1544 3167 1631 3221 etiam
1646 3168 1725 3221 Arna

120 3235 293 3308 episcopum
309 3235 495 3301 Bemeusem,
511 3236 654 3292 seditione
670 3239 866 3309 quorumdam
879 3256 933 3294 suc
948 3239 1017 3294 sede
1031 3238 1162 3310 pulsum,
1181 3239 1209 3293 in
1226 3239 1376 3309 integrum
1393 3238 1530 3293 restituit.

155 3307 233 3362 Tum
250 3306 287 3360 ad
302 3306 465 3388 reparanda
481 3307 590 3379 templa
602 3325 634 3363 ac
651 3309 829 3364 monasteria
843 3326 1010 3376 concursus,
1027 3310 1154 3382 plurima
1169 3308 1274 3365 horum
1289 3309 1333 3364 vel
1349 3327 1366 3363 a
1381 3309 1442 3364 solo
1457 3308 1566 3375 refecit,
1593 3308 1636 3365 val
1663 3325 1764 3365 reeens
1783 3328 1831 3365 ex·

122 3376 212 3433 citata
227 3377 360 3432 fundavit
374 3377 553 3450 dotavitque.
570 3378 726 3452 Interque
742 3381 953 3436 monasterium
970 3387 1077 3437 sancta
1093 3380 1193 3437 Crucis
1210 3381 1239 3436 in
1253 3379 1436 3437 llierusalcm
1453 3398 1519 3436 cum
1541 3379 1662 3436 basilica
1688 3385 1833 3438 vetustate

122 3448 254 3521 collapsa
267 3448 417 3516 (adductis
433 3463 466 3504 eo
482 3449 644 3520 monachis)
661 3467 695 3506 ex
710 3451 822 3524 integro
836 3451 975 3507 restituit.

156 3519 294 3600 Sergium
311 3518 527 3574 Damascenum
542 3521 712 3592 episcopum
726 3540 743 3577 a
758 3523 926 3579 Sarracenis
939 3523 1064 3594 ejectum
1083 3523 1180 3577 Romae
1196 3523 1322 3595 benigno
1338 3522 1500 3578 clementia
1516 3523 1583 3577 siau
1609 3524 1732 3594 excepit,
1748 3523 1833 3596 eique

123 3590 277 3647 eeclesiam
291 3590 390 3646 Sancti
406 3590 496 3646 Alexii
511 3592 696 3648 incolendam
713 3593 830 3649 tradidil
848 3611 855 3648 ε
872 3594 902 3648 in
917 3611 975 3666 qua
988 3593 1050 3665 ipse
1066 3595 1226 3649 monachos
1242 3594 1357 3649 exsules
1373 3592 1500 3665 collegit,
1517 3598 1546 3648 ct
1565 3594 1750 3649 observantia
1771 3611 1832 3649 mo·

123 3663 237 3718 nastica
248 3662 394 3728 restituta,
412 3662 461 3716 ubi
473 3680 565 3718 annos
601 3667 706 3721 uataor
721 3663 780 3719 illic
795 3665 934 3736 degisset,
950 3669 1051 3721 sancto
1067 3668 1125 3720 line
1140 3664 1251 3737 quievit
1267 3682 1273 3718 :
1291 3666 1326 3720 ad
1344 3666 1428 3736 cujus
1444 3663 1612 3736 sepulcrum
1627 3664 1657 3719 in
1675 3666 1775 3721 cadem
1790 3682 1834 3722 ec·

123 3731 212 3790 alesia
224 3731 332 3788 nobilis
348 3731 501 3806 inscriptio
515 3734 590 3790 versi
615 3752 649 3790 us
664 3735 757 3790 incisa
773 3736 935 3791 etiamnum
951 3736 1067 3804 visitur,
1084 3753 1147 3808 qum
1163 3735 1266 3808 incipit
1283 3753 1289 3790 :

482 3858 587 3921 Sergius
600 3858 643 3908 hic
657 3859 769 3909 recubat
783 3860 956 3923 metropolita
971 3860 1103 3924 sepultus,

482 3920 532 3978 Oui
546 3921 682 3993 quondam
698 3921 784 3971 fuerat
800 3923 920 3972 Damasci
935 3927 1055 3987 tempore
1071 3924 1162 3987 longo,

483 3984 596 4032 Numine
610 3982 756 4046 perdoctus
770 3984 803 4033 ad
819 3998 895 4034 sacra
909 3985 1001 4034 limina
1014 3986 1093 4036 Petri.

480 4045 656 4108 Temporibus
670 4046 707 4109 pii
723 4047 857 4097 Benedicti
872 4047 995 4111 presulis
1009 4048 1081 4107 almi,
1098 4050 1148 4096 cte.

122 4156 244 4228 Recepit
261 4159 348 4213 etiam
367 4158 541 4215 Benedictus
557 4160 745 4216 lambertum
770 4163 939 4235 episcopum
956 4161 1176 4218 cracoviensem
1201 4163 1323 4218 Bomam
1349 4163 1477 4233 legatum
1504 4180 1520 4218 a
1545 4161 1691 4219 Miccislao
1711 4162 1835 4219 Palania

124 4229 271 4301 principe,
287 4233 320 4284 ut
335 4230 499 4285 Romanum
517 4232 685 4303 pontificem
702 4233 855 4289 certiorem
872 4235 1005 4290 redderet
1020 4234 1055 4288 de
1072 4234 1147 4289 felici
1159 4235 1366 4307 propagatione
1377 4234 1547 4289 Christiane
1563 4234 1630 4290 fidei
1646 4235 1675 4289 in
1691 4251 1744 4289 sao
1776 4235 1835 4289 rin·

123 4300 234 4372 clpam,
252 4304 344 4384 utque
359 4302 473 4370 regium
489 4303 625 4359 diadema
640 4304 696 4360 sibi
710 4304 838 4360 mitteret
851 4323 884 4363 ac
900 4320 997 4377 regem
1015 4305 1189 4361 Polonorum
1206 4322 1247 4372 se,
1264 4309 1292 4361 et
1307 4311 1438 4378 posteras
1453 4323 1523 4360 suos
1539 4305 1738 4432 esseguberet.
1790 4321 1835 4359 m·

124 4370 238 4438 maus,
255 4387 285 4427 re
300 4371 417 4441 infecta,
431 4373 523 4429 Roma
538 4374 686 4443 discessit,
701 4374 745 4430 vel
762 4377 838 4447 quod
854 4377 889 4431 de
905 4381 998 4432 niorto
1011 4375 1149 4435 Miecislai
1166 4377 1335 4432 nuntiatum
1350 4381 1437 4446 esset,
1453 4377 1497 4433 vel
1515 4379 1592 4449 quod
1630 4376 1725 4432 ilferre
1741 4376 1777 4431 ad
1792 4375 1832 4430 fe·

125 4440 229 4497 liciata
246 4446 379 4516 tempora
394 4459 458 4498 eam
474 4461 535 4499 rem
552 4445 703 4502 Romanus
737 4447 846 4503 ontifex
862 4447 960 4502 divino
976 4447 1280 4504 monereturoraculo.

129 4582 135 4593 ⁸
159 4512 249 4568 luitio
276 4513 453 4594 ,ontiflcatas
469 4515 619 4571 Benedicti
631 4515 692 4584 Vll,
710 4462 853 4575 §eraldus
869 4535 918 4574 rex
932 4518 1091 4586 Bonorum,
1108 4518 1158 4590 qui
1174 4517 1280 4591 populo
1296 4518 1351 4574 sibi
1368 4519 1485 4575 subdito
1530 4519 1623 4598 rimus
1638 4515 1832 4598 Christianam

127 4582 206 4664 idem
220 4583 252 4638 in
276 4589 377 4651 inerat,
395 4591 425 4641 et
439 4585 571 4642 ecclesiis
587 4592 682 4643 tolum
699 4588 757 4643 fore
773 4589 1005 4660 Septentrionem
1023 4589 1191 4661 repleverat,
1209 4590 1281 4645 abiit
1294 4589 1464 4646 vulneratus
1481 4534 1582 4654 ailbe,
1597 4591 1626 4642 et
1649 4604 1667 4642 a
1688 4603 1760 4655 suis,
1782 4603 1832 4657 qur

127 4653 279 4736 Christum
294 4661 381 4712 antea
389 4656 609 4782 tabdicaverant.
627 4660 689 4726 Ouo
704 4663 834 4732 tempore
851 4660 939 4716 etiam
955 4661 985 4717 S.
1001 4661 1165 4729 Bduardus,
1180 4660 1290 4733 Angliaa
1315 4678 1374 4728 rex,
1391 4660 1509 4716 insidiis
1533 4658 1679 4716 scelerata
1705 4675 1832 4714 noverca

127 4740 241 4782 occisus
258 4742 388 4782 memora
401 4745 446 4782 ur.

158 4798 245 4852 Anno
261 4796 368 4853 Christi
381 4798 445 4867 085,
462 4797 536 4854 Otho
552 4800 577 4855 ll
592 4801 750 4872 imperator
763 4801 875 4857 decimo
892 4801 1006 4874 imperii
1023 4802 1067 4856 sui
1085 4819 1162 4858 anno
1178 4808 1278 4859 octrrvo
1290 4803 1358 4858 Idus
1369 4801 1629 4870 Novembris,tristi
1642 4799 1731 4855 animi
1744 4816 1831 4882 agro-

128 4868 235 4924 tationc
252 4867 350 4924 Bomae
363 4869 489 4925 decessit
503 4887 518 4926 e
533 4871 743 4944 rita,sepnltus
754 4872 784 4927 in
795 4872 938 4928 vestibulo
948 4873 980 4928 B.
993 4873 1159 4946 Petri,qnod
1171 4874 1342 4929 Paradisum
1354 4872 1607 4945 vocant,labr0que
1639 4871 1832 4943 orphpretrco

129 4942 230 4995 tectus.
248 4939 350 4996 Dictus
364 4937 577 5012 &apcioariue
593 4944 670 5015 qued
683 4943 863 4999 clarissimos
879 4944 1077 4999 Romanarum
1093 4945 1129 5000 ad
1141 4945 1305 5000 convivium
1320 4944 1480 5010 vocat0s‚in
1492 4944 1555 5015 ipsa
1568 4889 1721 5014 spaniorum
1733 4941 1833 4997 letitia

129 5009 213 5080 paulo
227 5015 297 5066 aute
312 5017 437 5068 mortem
454 5013 546 5068 occidi
559 5015 693 5084 ,jusserit
707 5016 768 5081 Quo
783 5015 1011 5079 exstincto,cam
1023 5017 1057 5070 de
1068 5018 1192 5071 creando
1203 5032 1276 5071 novo
1292 5017 1466 5087 imperatore
1477 5013 1652 5069 consultatio
1665 5014 1830 5082 haberetur,

129 5079 217 5157 etalii
234 5081 379 5138 Othonem
391 5083 428 5138 lll
443 5085 564 5139 secundi
580 5084 692 5147 filium.
707 5086 757 5141 elii
774 5103 839 5142 vero
854 5085 1011 5141 llenricum
1028 5088 1153 5142 Bavaria
1170 5087 1415 5153 ducem,0thonis
1431 5085 1528 5153 Magni
1546 5102 1579 5139 ex
1595 5086 1682 5140 fratre
1699 5088 1831 5155 nepotem

129 5157 327 5224 exposcerent,
344 5153 546 5226 instareutquc
570 5155 631 5210 Itali
659 5162 691 5212 ut
716 5157 880 5212 Crescentio
906 5157 1087 5212 Nomentano
1102 5159 1162 5212 viro
1177 5156 1340 5213 clarissimo
1366 5175 1412 5212 res
1438 5156 1680 5221 committeretur,
1697 5173 1830 5226 prorum-

129 5229 227 5294 pentes
244 5224 273 5278 in
292 5225 421 5280 medium
436 5227 584 5293 Gerruani‚
601 5232 630 5282 at
653 5245 688 5282 ue
703 5246 785 5283 arma
801 5226 974 5296 attollentes,
992 5227 1133 5283 Othonem
1151 5229 1189 5283 lll
1204 5228 1412 5282 acclamarunt.
1431 5225 1559 5282 lnstabet
1580 5232 1641 5281 lam
1659 5227 1831 5282 benedictus

130 5295 256 5365 pontifex
266 5296 311 5350 rir
324 5297 464 5367 optimus,
481 5302 510 5352 et
524 5245 749 5370 tranquillitatis
765 5315 878 5362 amans,
891 5316 1131 5370 unamquemque
1148 5300 1322 5368 rogandonrt
1338 5299 1366 5352 in
1383 5297 1504 5370 legendo
1522 5299 1680 5369 imperator
1695 5298 1832 5369 reipubli-

129 5381 165 5420 ce
180 5366 365 5435 Christianae,
382 5386 446 5440 qua
463 5374 525 5424 tum
540 5371 667 5426 maxime
683 5370 774 5451 perito
789 5375 818 5426 et
832 5368 930 5425 solerti
942 5371 1130 5441 guberratoro
1145 5368 1304 5441 indigebat,
1321 5369 1425 5441 positis
1440 5369 1615 5424 seditionum
1638 5369 1744 5423 studiis
1759 5386 1829 5424 eou-

130 5437 267 5495 sulcrent.
290 5439 433 5506 Tandem,
449 5457 485 5496 no
496 5441 641 5498 tumultus
656 5441 763 5514 aliquis
779 5441 912 5508 oriretur,
929 5442 1140 5497 Germanorum
1152 5441 1326 5496 senteutiam
1343 5442 1384 5496 uti
1401 5458 1524 5512 equam,
1541 5448 1569 5496 et
1584 5440 1698 5512 legibus
1717 5441 1829 5496 coufor-

131 5525 204 5564 urem
221 5512 375 5582 approbat,
393 5515 480 5584 atique
491 5512 633 5568 Othonem
650 5514 688 5569 lll
703 5517 868 5586 Augustum
884 5513 1026 5569 Cesaram
1042 5513 1154 5568 dictum
1165 5514 1329 5568 confirmat.

163 5581 316 5655 llrgnaute
330 5582 433 5640 eodem
448 5584 614 5653 Benedicta,
629 5585 726 5642 cvivis
741 5585 849 5657 pariter
863 5584 1063 5656 quinquennio
1079 5587 1145 5639 ante
1161 5581 1303 5640 Othonem
1328 5584 1353 5641 ll
1378 5583 1511 5641 sublatus
1526 5589 1571 5640 est
1581 5583 1740 5656 imperator
1755 5583 1828 5643 erae-

1740 3167 1832 3239 phum
1935 3200 1943 3207 ·
