3900 6090
165 313 244 374 1155

165 448 200 502 ut
215 451 279 503 voto
295 446 393 501 cuncti
406 446 469 516 jam
485 442 677 514 respondente
692 439 809 512 popelli,

167 536 312 610 Unguitur
327 535 356 590 in
372 549 480 606 regem,
493 531 608 586 Christo
622 533 788 602 praetante,
801 531 959 601 potentem.

166 626 217 682 Cui
232 643 282 681 rex
296 622 424 697 gratiola
440 620 503 676 coeli
519 617 696 674 munuscula
711 623 799 674 tenta

166 713 303 780 Contulit,
321 716 353 766 ut
367 710 454 782 digne
469 708 584 764 eunctis
599 707 807 763 celeberrimus
825 706 886 778 ipse

165 805 317 860 Gestorum
335 816 418 872 reges
434 800 512 853 lama
527 796 703 869 precelleret
718 782 831 861 eirenes,

164 894 296 949 Oceanus
312 889 411 945 relluis
427 904 501 960 quos
513 889 575 959 jum
592 885 771 940 circumfluit
786 886 884 939 undis.

164 988 288 1052 insuper
302 997 317 1033 e
333 978 422 1033 tantis
438 978 534 1048 ipsum
552 993 634 1029 saera
650 976 748 1029 dextro
766 973 892 1044 potentis

164 1071 293 1143 Protegit
308 1067 423 1122 insidiis
439 1064 553 1121 occulta
568 1064 669 1118 fraude
685 1063 803 1135 paratis.

164 1162 198 1216 Et
212 1165 272 1215 tam
288 1156 453 1229 magnificis
469 1158 553 1209 ornat
568 1169 694 1224 persepe
708 1150 878 1223 triumphis.
899 1169 907 1185 ‘

163 1250 200 1307 Ut
216 1249 327 1314 credas,
345 1262 441 1317 regem
457 1243 546 1299 David
563 1257 683 1314 regnare
699 1239 825 1307 fidelem,

162 1340 227 1395 lam
245 1353 323 1392 nuno
339 1333 469 1406 antiquis
485 1332 644 1405 fulgentem
660 1330 714 1386 rite
729 1328 899 1401 triumphis.

162 1429 220 1485 Nec
235 1426 330 1482 solum
346 1427 448 1497 gentes
464 1420 553 1476 irenis
569 1422 700 1476 moderat
714 1419 864 1486 bonilatis,

163 1521 231 1586 Oura
248 1516 330 1589 prius
347 1512 469 1586 imperio
483 1510 576 1582 patris
591 1510 732 1564 dederant
746 1525 800 1564 sua
813 1506 898 1575 colla,

162 1608 218 1664 Sed
235 1604 327 1661 multo
343 1602 442 1676 plures
457 1604 534 1655 certe
549 1599 605 1654 sibi
621 1598 748 1653 vindieat
762 1597 835 1669 ipse,

162 1695 298 1752 Subdens
312 1691 436 1765 gentiles
450 1688 558 1745 Christi
574 1687 665 1743 servis
682 1686 818 1753 ditiones,

161 1786 223 1851 Quo
239 1800 295 1856 pax
310 1779 437 1836 ecclesie
453 1780 534 1833 fieret
545 1778 577 1812 ¹⁷⁸
593 1775 723 1831 stabilita
738 1778 867 1830 sacrate.

159 1873 202 1929 nd
218 1871 328 1928 bellum
344 1872 421 1925 certe
436 1867 551 1939 quoties
567 1869 747 1938 processerat
762 1865 768 1918 i
773 1881 834 1936 pse,

160 1963 224 2018 Non
240 1960 294 2016 luit
304 1961 337 1994 ¹⁷⁹
352 1958 487 2031 populus,
506 1954 639 2027 quamvis
652 1954 759 2009 virtute
774 1952 929 2024 superbus,

160 2051 276 2106 Lmdere
292 2048 341 2120 qui
358 2050 457 2119 posset
471 2044 514 2100 vel
527 2059 702 2114 exsuperare
716 2041 825 2097 velaret

161 2140 260 2211 lpsum
277 2135 402 2191 coelestis
418 2133 524 2188 lultum
542 2131 683 2188 solamine
699 2131 790 2204 regis,

160 2229 231 2298 lljas
246 2243 299 2281 neo
314 2225 402 2281 cessit
416 2223 481 2278 tclis
498 2221 640 2277 exercitus
655 2220 733 2288 ullis,

160 2317 193 2372 Ni
210 2333 264 2371 sua
280 2313 463 2386 supernendo
480 2312 577 2366 lorsau
594 2309 703 2381 regalia
714 2310 800 2380 jussa

160 2405 221 2461 lllic
237 2407 389 2477 pugnaret,
406 2418 464 2472 quo
480 2417 529 2454 rex
545 2400 622 2454 idem
639 2398 814 2470 prohiberet.

193 2497 230 2549 At
243 2495 302 2548 dux
318 2490 469 2555 llcnricus,
485 2489 575 2542 lreter
590 2487 667 2560 regis
682 2487 875 2552 venerandus,

160 2584 297 2654 Princeps
314 2581 341 2634 in
359 2596 447 2651 regno
463 2579 557 2633 luerat
573 2581 643 2632 tunc
659 2593 763 2647 nempe
778 2577 876 2648 quieto

160 2673 227 2728 Post
242 2687 349 2743 regem,
367 2668 442 2740 plebi
460 2666 562 2721 nierito
579 2664 751 2720 venerahilis
766 2664 862 2731 omni;

160 2761 213 2827 Qui
230 2759 285 2814 sibi
302 2757 446 2829 condigne
461 2754 545 2827 legali
557 2753 657 2824 junxit
672 2770 770 2808 amore

159 2847 271 2904 Amulli
289 2851 400 2901 natam.
414 2849 471 2913 (ao.
483 2844 557 2912 938),
571 2843 654 2898 ducis
669 2842 788 2915 egregii,
800 2859 982 2916 generosam,

159 2937 282 2994 Nomine
297 2935 448 3001 iudittam,
465 2931 564 2987 vultus
579 2931 734 3004 splendore
749 2948 901 2986 coruscam

159 3029 198 3082 Ae
215 3025 326 3097 fulgere
341 3022 435 3096 magis
451 3025 561 3077 cunetae
578 3019 700 3076 nitidam
717 3020 866 3076 honitatis.

159 3115 210 3171 llis
225 3115 267 3170 ite
282 3113 414 3185 digestis,
430 3113 525 3166 luerat
539 3128 595 3182 pax
610 3111 739 3182 undique
756 3110 863 3165 nostris

550 307 816 370 tvuavsulvuAE
838 302 1026 368 MDNlALIS
1049 304 1460 370 aauulutsuatueusls.

1002 439 1031 506 Α
1045 439 1085 494 Ex
1097 440 1255 513 improviso
1271 440 1392 496 mittens
1408 441 1464 496 sub
1479 445 1563 498 noete
1577 439 1700 515 nigella,

1796 305 1872 368 1156

1044 528 1132 585 Duxit
1147 529 1294 601 captivum
1310 530 1429 586 fratrem
1448 528 1523 604 regis
1539 545 1728 604 generosum,

1045 619 1211 684 llcnrioum,
1227 618 1331 674 vinclis
1347 618 1462 691 palmas
1477 618 1646 691 stringendo
1662 617 1800 676 eruentis

1044 708 1114 780 lljus
1130 707 1311 773 candidolas,
1327 707 1508 763 ornamentis
1523 709 1617 781 magis
1633 711 1735 781 aptas;

1043 799 1137 869 Atque
1153 815 1223 852 suas
1238 814 1324 868 gozae
1340 797 1513 868 disperdens
1529 798 1739 855 innumerosas
1752 798 1788 832 ¹⁸¹

1043 887 1085 940 nd
1102 904 1155 942 sua
1170 903 1237 941 nior
1253 886 1363 958 prolem
1381 903 1479 942 seeum
1496 886 1617 942 deduxit
1632 886 1771 954 herilem,

1043 977 1142 1031 Utitur
1158 979 1189 1030 ut
1205 976 1283 1031 socio
1299 977 1408 1048 proprii
1424 976 1536 1031 domini
1552 993 1670 1049 quoque
1685 981 1768 1032 nato.

1043 1068 1104 1132 Ouo
1121 1083 1170 1120 rer
1186 1069 1345 1137 comperto,
1364 1081 1490 1120 moerens
1505 1065 1561 1121 sub
1576 1067 1662 1120 corde
1677 1069 1805 1131 secreto,

1043 1155 1163 1210 Dcilevit
1178 1154 1271 1209 tristis
1287 1153 1413 1209 nimium
1429 1153 1594 1210 miserabile
1609 1154 1737 1221 fuctum;

1040 1244 1095 1300 Vix
1110 1260 1226 1316 quoque
1250 1243 1382 1316 germani
1403 1244 1544 1298 damnum
1560 1243 1680 1316 paciens
1695 1259 1786 1317 grave
1799 1243 1869 1311 carl,

1041 1332 1142 1389 Nobile
1158 1349 1225 1388 mox
1237 1332 1359 1388 Abrahae
1376 1333 1486 1388 facturn
1501 1333 1636 1405 sequitur
1650 1332 1838 1405 patriamne,

1041 1423 1122 1489 Quod
1138 1422 1282 1479 miserens
1297 1422 1356 1495 egit
1370 1422 1441 1477 dum
1459 1420 1532 1477 Loth
1547 1437 1581 1478 ex
1596 1420 1681 1478 hoste
1696 1422 1842 1491 redemit;

1041 1511 1242 1584 Militibusque
1257 1510 1320 1567 suis
1335 1527 1452 1567 summo
1467 1511 1620 1567 conamine
1633 1509 1731 1581 lectis,

1040 1601 1157 1656 Necnon
1173 1599 1331 1656 immodica
1346 1604 1409 1655 tota
1422 1601 1458 1656 de
1472 1605 1559 1674 gente
1573 1604 1700 1669 caterva,

1040 1691 1150 1763 Pompa
1164 1689 1254 1762 regali
1267 1689 1362 1762 pergit
1377 1688 1522 1744 solamina
1537 1689 1618 1746 lratri

999 1809 1023 1874 B
1040 1781 1134 1847 Ferre,
1152 1780 1207 1835 sub
1223 1779 1335 1851 ingenti
1351 1779 1447 1834 cordis
1461 1778 1611 1852 languore,
1627 1779 1730 1836 dolore
1743 1779 1788 1834 ¹⁸⁸.

1038 1869 1096 1924 Nec
1111 1885 1202 1936 mora,
1219 1885 1305 1940 quem
1320 1868 1399 1924 venit
1413 1869 1533 1923 fratrem
1549 1868 1688 1938 relevere,
1705 1869 1844 1938 redemit,

1037 1959 1178 2013 ductores
1194 1956 1268 2013 tanti
1283 1956 1564 2030 condempnavitque
1578 1955 1678 2030 piacli,

1039 2047 1228 2118 Suspendens
1245 2046 1388 2118 quosdam
1403 2045 1483 2120 ligno
1500 2046 1631 2119 reprobis
1646 2052 1796 2119 reparato,

1038 2136 1184 2202 Quosdam
1201 2136 1236 2190 de
1252 2136 1347 2208 putria
1362 2137 1507 2191 mandens
1521 2135 1671 2192 discedere
1685 2153 1768 2193 eura.

1073 2224 1275 2297 (Anasaulis
1286 2224 1519 2297 benedispositis
1529 2225 1701 2297 regrsjussu
1711 2226 1866 2299 sapientie,

1038 2313 1161 2369 Protulit
1176 2313 1288 2385 antiqui
1304 2329 1422 2368 rursum
1439 2312 1517 2368 mala
1531 2313 1612 2369 fraus
1628 2313 1745 2369 inimici

1038 2403 1191 2457 Inventum
1208 2401 1326 2457 sceleris
1341 2400 1436 2474 primo
1452 2418 1538 2476 mage
1552 2401 1706 2460 deterioris
1717 2404 1763 2472 ¹⁸⁸,

1038 2491 1158 2546 Cunctis
1168 2491 1347 2546 horrendum
1359 2489 1444 2547 scolis
1455 2492 1488 2525 ¹⁸⁸
1498 2491 1661 2564 meritoque
1671 2494 1866 2566 stupendum.

1037 2580 1169 2652 Denique
1184 2579 1342 2652 predictus
1362 2584 1520 2652 postquem
1541 2580 1658 2637 rediens
1673 2582 1868 2642 avernorum

1038 2669 1146 2724 Praescs
1163 2669 1199 2725 ab
1214 2668 1309 2735 exilio,
1326 2668 1450 2740 petriam
1466 2670 1616 2725 remeabat
1626 2671 1660 2705 ¹⁸⁰
1674 2672 1851 2741 amandam,

1038 2759 1097 2814 lloc
1112 2759 1169 2813 sibi
1184 2757 1312 2830 graciola
1326 2759 1404 2830 regis
1418 2762 1574 2829 prestante
1588 2759 1729 2834 benigna,

1038 2844 1203 2901 Gislbertho
1217 2845 1317 2900 comiti
1333 2845 1436 2901 vinclis
1452 2846 1581 2902 sociatus
1595 2849 1717 2916 amoris,

1038 2933 1199 2989 Consilium
1215 2934 1344 3001 dederat,
1358 2936 1434 3006 quod
1446 2952 1504 2990 non
1520 2934 1573 2991 tibi
1583 2934 1700 2992 Christe
1715 2937 1866 3010 placebat!

1038 3023 1075 3079 Ut
1090 3027 1227 3094 cuperent
1238 3025 1355 3094 justum
1370 3040 1466 3095 regem
1483 3024 1598 3079 Domini
1614 3026 1820 3096 benedictum,

991 3154 1001 3175 ,
1038 3113 1072 3167 m
1087 3112 1164 3184 quod
1181 3111 1257 3183 plue,
1271 3113 1354 3182 justo
1369 3129 1426 3167 nou
1438 3112 1552 3182 justam
1566 3113 1625 3168 vim
1642 3114 1791 3184 iaciendo,

158 3204 200 3259 Ad
218 3208 335 3274 tempus
351 3200 500 3255 modicum
516 3199 656 3270 libitoque
672 3199 770 3253 minus
786 3198 960 3272 popularum
998 3174 1021 3243 C
1038 3201 1124 3258 lllum
1140 3218 1207 3256 mox
1220 3200 1336 3273 proprio
1351 3201 1535 3273 deprivarent
1549 3201 1626 3258 male
1640 3220 1744 3276 regno.

160 3292 305 3347 Dellarum
321 3293 400 3345 certe
415 3305 489 3343 saevo
506 3287 640 3358 clangore
656 3291 779 3342 tacente.

195 3380 217 3436 0
233 3396 323 3451 quam
337 3375 532 3449 tranquillum
553 3376 651 3430 ridens
667 3375 822 3431 deduceret
836 3393 928 3433 avum

160 3471 320 3526 Fortunata
335 3468 408 3523 satis
426 3470 530 3522 nostre
547 3483 593 3521 res
607 3464 725 3536 publica
739 3465 846 3538 gentis,

159 3561 225 3626 Oua
239 3558 328 3614 nimis
344 3555 466 3629 imperio
483 3555 560 3627 regis
575 3554 687 3626 regitur
701 3555 852 3627 sapientis,

158 3648 188 3704 Si
204 3665 260 3704 non
277 3645 390 3719 antiqui
407 3644 484 3700 mala
498 3644 642 3700 calliditas
656 3643 769 3700 inimici

157 3737 301 3793 'l'urbaret
317 3739 450 3790 nostrum
467 3738 579 3789 secreta
592 3733 692 3788 lraude
708 3735 863 3789 serenum!

156 3825 287 3899 Denique
303 3823 425 3880 devictis
438 3822 665 3895 aligenorum¹⁸⁰
679 3823 752 3878 benc
767 3822 842 3891 telis,

156 3914 292 3971 Exoritur
305 3912 414 3969 nostris
429 3911 526 3966 subito
542 3910 689 3965 discordia
702 3910 794 3979 sortis,

158 4005 283 4059 Luserat
298 4007 327 4058 et
341 4000 457 4073 plebem
474 3998 584 4055 bellum
599 3998 682 4055 civile
696 4000 812 4055 fidelem

158 4093 226 4148 Plus
242 4108 330 4164 quam
347 4089 491 4145 bellorum
508 4094 656 4144 structura
673 4089 810 4161 lrcquens
823 4092 980 4149 veriorum.

158 4181 252 4252 Hujus
267 4196 357 4236 eausa
371 4177 441 4233 mali
458 4178 553 4233 lueret
568 4194 626 4232 non
641 4195 729 4249 parva
743 4178 860 4235 dolendi

157 4269 287 4342 Denique
304 4267 457 4324 eonlliclus
473 4269 657 4338 quorundam
674 4284 731 4322 non
747 4269 924 4339 moderatus,

157 4360 197 4414 Ex
210 4359 319 4431 quibus
335 4356 457 4412 llenrico
473 4355 605 4427 quadam
622 4373 689 4427 pars
705 4363 802 4414 mente
818 4358 945 4433 benigna

157 4446 276 4504 Devovit
292 4446 368 4518 regis
383 4443 463 4500 tratri
475 4446 505 4479 ¹⁸¹
517 4446 569 4516 jus
584 4445 779 4513 vernulitatis,

158 4536 228 4591 Pars
243 4534 412 4591 llvurhardo
428 4534 526 4589 comiti
543 4533 674 4589 studium
690 4535 862 4592 famulandi.

157 4626 193 4680 nt
208 4640 275 4679 cum
292 4623 417 4696 quisquc
433 4623 479 4677 sui
496 4626 605 4694 peteret
619 4621 763 4678 solamina
778 4625 890 4696 domui,

158 4714 231 4769 lliuc
246 4711 360 4786 gravior
375 4711 503 4767 dominis
519 4711 665 4766 discordie
682 4713 812 4768 nascitur
827 4714 909 4787 ipsis.

158 4803 289 4858 Tandem
307 4806 434 4872 percerte
450 4800 585 4855 condictu
603 4800 814 4872 progrediente,

159 4892 317 4947 Prmdietus
333 4907 439 4961 praeses
455 4889 530 4943 male
546 4889 680 4944 collectas
696 4889 824 4962 legiones

159 4982 225 5037 Mox
239 4980 275 5035 ad
292 4978 445 5034 castellum
462 4977 595 5033 Bailulilri
612 4978 666 5050 (57)
683 4979 857 5050 capiendum

194 5069 276 5126 Vers.
294 5069 353 5124 181.

1038 3291 1097 3347 lloo
1112 3307 1229 3362 quoquo
1245 3290 1400 3346 consilium
1416 3307 1550 3363 perverse
1565 3296 1662 3348 mente
1677 3299 1831 3367 repertum

1038 3379 1160 3435 llcnrieo
1176 3379 1252 3451 regis
1269 3380 1351 3435 lratri
1366 3397 1484 3436 suasere
1499 3380 1610 3449 fideles,

1038 3468 1198 3525 Mulcentee
1214 3467 1340 3524 nimium
1355 3469 1451 3524 verbis
1467 3468 1565 3541 ipsum
1581 3470 1658 3528 mele
1670 3471 1805 3542 blandis,

1038 3558 1098 3623 Ouo
1115 3557 1196 3629 prius
1212 3556 1326 3612 illatum
1342 3557 1432 3613 nollet
1443 3559 1506 3629 jam
1521 3558 1643 3617 reddere
1658 3560 1819 3629 damnum,

1038 3648 1172 3718 Ipsorum
1187 3645 1263 3702 votis
1279 3648 1329 3702 scd
1346 3645 1411 3718 plus
1429 3647 1558 3719 parendo
1573 3648 1721 3717 nefandis,

1037 3736 1205 3808 Susciperet
1220 3752 1355 3808 regnum,
1371 3734 1492 3808 depulso
1508 3736 1605 3803 fratre,
1622 3741 1800 3811 regendum.

1036 3826 1090 3891 Oui
1107 3823 1182 3881 mele
1197 3823 1339 3880 blanditis
1353 3825 1470 3880 tandem
1486 3825 1582 3882 vietus
1597 3827 1743 3898 suadelis,

1037 3915 1090 3971 Pro
1109 3914 1209 3970 dolorl
1236 3913 1368 3986 ipsorum
1394 3930 1424 3969 sc
1448 3912 1584 3986 promisit
1607 3915 1669 3972 lore
1696 3923 1864 3993 promptum

1034 4003 1127 4072 Votis,
1144 4019 1177 4058 ao
1192 4002 1285 4057 firmis
1301 4001 1356 4057 boo
1370 4001 1593 4059 confirmaverat
1608 4004 1701 4074 orsis;

1036 4093 1091 4148 Sed
1107 4108 1191 4163 spero
1207 4095 1294 4159 certe,
1312 4107 1369 4146 non
1386 4107 1417 4146 se
1432 4091 1474 4146 sic
1490 4091 1576 4147 corde
1588 4094 1701 4162 tenere,

1035 4180 1096 4238 lllis
1111 4195 1287 4237 consensum
1304 4181 1355 4236 sed
1371 4179 1397 4234 vi
1414 4179 1542 4252 praebere
1554 4187 1700 4241 coactum.

1034 4272 1088 4338 Qui
1104 4268 1180 4325 male
1195 4286 1323 4341 namque
1339 4268 1401 4341 spei
1416 4285 1513 4324 vacue
1529 4269 1672 4328 solamine
1688 4276 1780 4348 capti,

1034 4359 1196 4433 Sperabant
1211 4374 1308 4431 regem
1324 4356 1448 4431 populos
1463 4357 1533 4414 olim
1548 4358 1755 4419 dominantem

1034 4450 1168 4523 Ipsorum
1184 4446 1279 4520 fragili
1294 4446 1382 4502 citius
1396 4447 1574 4520 subjungere
1584 4448 1664 4520 juri3

995 4546 1019 4612 Ι)
1035 4539 1091 4596 Sed
1107 4555 1156 4593 rex
1170 4537 1206 4592 do
1222 4535 1313 4602 coelis,
1326 4537 1418 4607 judex
1433 4535 1620 4608 equissimus
1636 4539 1730 4609 orbis,

1037 4628 1214 4685 Cunctorum
1230 4624 1311 4680 solus
1325 4626 1375 4696 qui
1391 4625 1540 4699 cognoscit
1554 4627 1702 4699 cogitatus

1038 4719 1175 4789 Vanaque
1186 4717 1219 4750 ¹⁸⁷
1233 4713 1366 4769 mortalis
1381 4715 1457 4786 potis
1472 4719 1516 4769 cst
1526 4713 1695 4788 disperdere
1711 4721 1820 4789 cordis,

1037 4806 1242 4863 Commeatum
1257 4803 1332 4858 tanti
1348 4802 1465 4858 sceleris
1480 4803 1586 4860 virtute
1600 4808 1732 4877 potentis

1037 4897 1148 4953 Dextra
1164 4892 1316 4964 oonlregit,
1332 4910 1392 4964 que
1406 4897 1512 4948 cuneta
1527 4897 1623 4949 ereata
1637 4897 1761 4966 creavit;

1037 4984 1154 5041 Scilicet
1169 4981 1292 5037 insidias
1307 4981 1416 5037 cbristo
1432 4981 1546 5036 Domini
1561 4983 1593 5016 ¹⁸⁸
1609 4992 1762 5056 reparatas

1072 5072 1154 5129 Vere.
1170 5072 1232 5127 233.

836 5185 957 5245 vlam
976 5148 1185 5249 saeviores.

195 5284 353 5340 erueret.
393 5283 425 5318 ¹³⁹
440 5281 543 5339 Nullus
558 5286 620 5337 crat
634 5286 661 5337 2.
700 5284 733 5317 ¹⁸⁰
748 5282 945 5358 alienigenum
958 5293 986 5345 2.
1024 5291 1056 5327 ¹⁸¹
1072 5293 1111 5345 ito
1125 5291 1152 5342 2.
1170 5285 1228 5357 regi
1246 5285 1386 5341 l'ratrisl.
1426 5285 1723 5347 ¹⁸¹innamerososl.
1762 5291 1866 5349 113110-

160 5357 228 5413 lenti
244 5361 271 5411 2.
312 5357 397 5410 1ιίἰἰιι
418 5359 445 5408 2.
472 5354 630 5410 deteriores
647 5356 669 5410 l.
710 5355 795 5411 ¹⁸⁵ita
820 5360 847 5411 2.
871 5359 950 5416 sadis
974 5362 999 5417 1.
1039 5362 1071 5397 ¹⁸⁶
1087 5358 1217 5416 renuebat
1235 5358 1258 5412 1.
1298 5358 1383 5413 ¹llito
1407 5360 1530 5430 corripe,
1554 5359 1617 5420 llus
1643 5377 1774 5436 namque
1792 5366 1867 5420 1.-

160 5431 292 5496 Quunam
306 5430 332 5482 2.
374 5427 405 5461 ¹⁸⁸
422 5428 459 5481 ita
473 5427 597 5498 coretum
613 5425 714 5482 christi
730 5427 850 5483 domino
867 5431 879 5485 1
895 5437 922 5487 et
935 5431 995 5489 edd.

952 5539 1069 5600 NOTAE.

196 5606 251 5688 (57)
268 5603 376 5674 aeliae,
391 5619 406 5660 e
422 5604 542 5664 meridie
557 5604 683 5664 civitatis
700 5606 863 5687 bippstadt.
