3900 6090
120 267 182 335 ,425
924 273 1028 335 vira.
1766 276 1826 338 ⁴56

120 405 225 459 sancto
240 405 323 459 aelus
341 402 436 459 lurore
451 403 585 461 celeriter
599 421 633 460 ea
648 406 683 461 de
700 406 766 479 igno
787 408 871 478 rapit,
890 405 945 461 lar·
961 406 989 474 Α
1004 407 1130 463 mullum
1146 408 1335 477 deviat),dum
1347 408 1474 481 quodam
1487 413 1617 481 tempore
1629 407 1766 483 praelatus
1777 425 1826 465 rex

120 489 217 549 velem
233 491 338 548 laeiom
355 490 498 548 tenaculis
514 493 649 565 includit,
657 499 686 551 et
696 495 765 551 totis
779 496 890 552 viribus
902 511 945 551 re·
1001 500 1118 567 propter
1132 494 1186 552 loci
1196 495 1366 570 religionem
1378 495 1557 553 Glestoniam
1569 497 1706 565 venisset,
1718 495 1769 551 illu
1779 511 1825 552 ve·

120 579 220 636 nitens
228 584 395 637 monstrum
405 580 565 638 introrsum
574 583 861 641 trabit.lamstando
871 584 946 641 vires
1000 588 1091 639 terem
1106 600 1221 642 servare
1237 585 1338 642 volens
1353 583 1607 653 consuetudinem,
1625 601 1684 658 qua
1707 584 1826 657 regibus

119 669 258 724 sumebat
271 669 453 738 Dunstanus,
470 687 537 726 oum
554 671 579 726 is
594 671 645 744 qui
664 673 818 728 tenebatur
833 690 850 728 a
865 672 946 728 nullo
1001 672 1169 729 ministrare
1184 673 1306 745 solebat,
1321 676 1385 729 orat
1396 674 1544 744 eumdem,
1559 678 1592 728 ut
1602 674 1638 729 ad
1649 688 1680 729 se
1690 672 1825 740 divertat,

111 756 244 829 ‚parieta
258 757 385 814 tenentis
399 774 430 815 se
441 758 579 816 manibus
589 760 751 833 aufugerat,
759 761 833 818 tales
845 762 946 816 immo·
1000 762 1157 834 prandium
1170 764 1247 836 quod
1264 764 1320 818 sibi
1336 769 1487 836 paraverat
1502 764 1657 837 dignanter
1672 762 1824 836 suscipiat.

121 846 151 902 ni
167 846 267 919 rugitu
279 846 407 903 fremens
418 846 547 904 ululatus
558 867 564 904 :
576 849 599 904 0
609 848 680 921 quid
693 850 760 906 feeit
770 849 868 906 calvus
879 849 946 920 iste,
1000 851 1081 916 Quod
1098 868 1146 906 rex
1162 867 1220 907 non
1235 852 1299 908 sine
1313 852 1488 908 verecundia
1504 869 1638 908 eriuvens
1653 855 1722 920 (non
1747 851 1824 907 enim

121 949 139 990 a
153 934 225 1007 quid
241 932 309 990 iecit
320 934 419 992 calvus
430 935 484 992 isto
494 936 501 992 l
513 936 606 994 Tenui
618 954 745 1011 nomque
756 941 806 995 scd
819 940 946 996 l'ormosa
1000 938 1155 1011 ignorabat
1170 940 1240 1012 quid
1249 940 1277 995 in
1288 956 1430 1012 pauperos
1439 939 1547 995 Christi
1556 939 1825 1012 ipsaexpenderel),

122 1024 241 1080 cesarie
256 1027 329 1092 erat,
345 1028 374 1080 et
387 1041 421 1081 ea
436 1041 466 1082 re
482 1025 551 1082 talia
575 1027 610 1082 de
635 1027 753 1084 homine
776 1027 946 1084 clamitabat
1000 1027 1136 1100 precepit
1150 1028 1236 1100 rogia
1252 1027 1478 1083 ministrationis
1494 1027 1703 1099 provisoribus,
1720 1031 1752 1082 ut
1766 1027 1825 1083 sci·

122 1112 207 1168 Mane
221 1116 320 1168 autem
335 1113 599 1188 lacto,oongregaia
610 1120 654 1171 est
664 1115 700 1172 od
711 1132 778 1172 eum
789 1133 846 1173 non
858 1133 947 1190 parva
1000 1120 1064 1170 rent
1075 1116 1099 1170 si
1108 1115 1367 1172 omniacommode
1376 1133 1408 1172 ac
1418 1116 1566 1172 moderate
1575 1120 1678 1189 parata
1690 1115 1825 1171 luissent.

122 1201 279 1274 propinqui
295 1200 395 1275 populi
409 1182 734 1273 multitudasoiseilans
749 1205 885 1279 quisnam
897 1204 946 1262 ille
1001 1203 1045 1260 Illi
1061 1210 1160 1260 aulem
1175 1205 1397 1278 circumspectis
1422 1205 1561 1261 omnibus
1588 1205 1704 1260 abunde
1728 1203 1828 1259 omnia

120 1288 233 1346 elamor
247 1291 359 1364 luisset,
376 1290 426 1364 qui
443 1295 524 1346 tanta
539 1310 588 1348 eos
604 1291 788 1351 vehementia
802 1295 946 1350 dormien-
999 1309 1064 1349 esse
1079 1293 1260 1360 renuntiant,
1273 1293 1297 1348 si
1309 1293 1374 1366 ejus
1384 1294 1588 1350 tantummodo
1597 1293 1746 1366 petus,qui
1758 1291 1828 1349 mel·

119 1382 164 1434 tes
190 1379 353 1435 termissel.
373 1402 386 1430 o
398 1379 553 1448 Damania,
572 1383 621 1451 ait,
639 1383 695 1438 luit
718 1382 765 1439 ille
787 1384 877 1452 hrror,
894 1383 945 1456 qui
999 1380 1036 1436 lis
1052 1383 1107 1455 (te)
1122 1399 1155 1437 oc
1172 1382 1259 1454 myrti
1274 1383 1426 1455 aspergine
1441 1382 1604 1450 coniicitur,
1617 1380 1825 1437 sufficientiam

101 1483 268 1540 ,nusquam
288 1485 336 1524 me
358 1468 453 1525 vivere
478 1471 686 1529 sinitlloella
708 1490 824 1546 quoquo
853 1476 946 1529 tentat
999 1469 1826 1543 haherentouibusillo:Nonpatietur,inquil,dominu

118 1555 234 1630 ejicere.
249 1556 339 1615 Caute
351 1575 402 1616 vos
418 1558 493 1632 agite
509 1560 545 1615 ab
561 1560 621 1631 illo,
638 1562 708 1635 quia
723 1561 748 1618 si
763 1578 861 1618 vocem
879 1561 945 1618 irati
999 1575 1065 1616 mea
1080 1563 1173 1616 mater
1188 1558 1304 1615 Domini
1320 1559 1376 1616 mei
1399 1559 1470 1616 lesu
1495 1558 1603 1616 Christi
1628 1558 1730 1626 Maria,
1748 1563 1780 1613 at
1795 1558 1824 1614 in

117 1642 194 1703 lerre
210 1663 267 1702 non
281 1646 431 1720 potuistis,
449 1649 617 1706 societatem
632 1651 764 1707 damnati
780 1668 837 1724 quo
860 1656 944 1724 paeto
999 1648 1138 1705 omnibus
1154 1649 1242 1705 rebus
1254 1664 1318 1720 quae
1330 1647 1440 1721 regiam
1448 1648 1552 1704 decent
1563 1646 1825 1720 magnificentiam,

116 1733 328 1794 sustinebitis?
343 1758 357 1786 r
375 1737 442 1794 Post
458 1739 536 1794 hune
551 1738 628 1796 diem
639 1739 809 1797 Duustanus
819 1740 903 1813 quasi
914 1739 944 1796 in
998 1736 1100 1793 deesse
1115 1735 1268 1809 quidpiam
1285 1735 1388 1792 valeat.
1405 1738 1440 1793 Ε)
1454 1753 1611 1792 accurrens
1626 1736 1655 1790 in
1680 1735 1824 1808 templum

118 1824 272 1900 procinctu
287 1823 356 1882 belli
368 1842 496 1896 manere,
506 1827 664 1886 virtutibus
675 1828 823 1886 diabolum
835 1830 871 1885 ad
883 1845 944 1887 oer-
1000 1825 1177 1881 beatissime
1192 1824 1332 1898 Virginis,
1342 1828 1426 1898 rogat
1435 1825 1558 1898 perejus
1567 1822 1733 1897 largifluam
1745 1822 1826 1880 boni·

119 1919 219 1971 tamen
233 1913 386 1985 lacessere,
403 1931 509 1989 corpus
525 1915 622 1974 inedia
642 1934 799 1990 macerare,
815 1917 944 1975 animam
999 1916 1089 1970 tatem
1105 1912 1204 1986 augeri
1220 1912 1297 1984 quod
1312 1911 1342 1967 in
1359 1911 1448 1985 regali
1464 1910 1628 1967 ministerio
1641 1909 1739 1965 minus
1750 1908 1827 1965 vide·

119 1996 303 2061 orationibus
319 2004 464 2074 decorare,
482 2004 578 2064 sciens
594 2007 623 2063 in
639 2007 721 2064 nulla
736 2024 765 2064 rc
777 2006 872 2082 magis
882 2007 944 2065 dia·
999 2002 1087 2058 batur
1100 2001 1213 2058 haberi.
1230 1999 1311 2057 Sedit
1325 2000 1425 2073 itaque
1439 2016 1489 2056 rex
1503 1999 1559 2072 (19)
1582 1997 1674 2054 multo
1699 1997 1825 2070 stipatus

120 2092 222 2150 bolum
238 2092 370 2166 superari
385 2110 480 2166 posse,
496 2112 585 2168 quam
602 2095 631 2152 in
647 2113 681 2153 ee
696 2113 785 2171 quem
801 2096 944 2154 Dominus
999 2090 1133 2159 satellite,
1150 2087 1290 2146 hauriunt
1303 2088 1430 2146 ministri
1447 2088 1596 2145 medicum
1611 2087 1685 2144 illud
1700 2087 1824 2144 conlecti

116 2181 235 2239 'dicebat
246 2181 361 2257 jeJunio
371 2188 400 2239 et
412 2185 552 2242 oratione.
563 2185 643 2243 Unde
654 2203 721 2243 oum
732 2185 873 2260 pudicitia
885 2203 945 2242 eor
998 2178 1122 2252 liquon's
1138 2195 1145 2234 :
1162 2178 1204 2234 ita
1219 2176 1370 2235 tusculum
1385 2177 1548 2251 permansit
1573 2176 1775 2244 imminutum,
1792 2179 1825 2232 ὓ)

119 2270 200 2345 poris
212 2275 326 2328 tantam
341 2273 438 2330 cordis
449 2275 626 2331 munditiam
637 2274 944 2343 obtinuitutvixeum
999 2266 1131 2323 mulieris
1145 2270 1319 2339 Sareptensi,
1334 2265 1379 2322 vel
1395 2263 1530 2338 hydriam
1555 2264 1665 2332 lerina,
1682 2263 1725 2320 vel
1749 2262 1823 2337 lecy-

118 2358 211 2417 latere
225 2365 325 2435 posset
335 2361 478 2434 quidquid
488 2362 736 2438 sinisterspiritus
745 2363 944 2422 molitusluis-
999 2355 1083 2414 thum
1105 2355 1160 2412 olei
1185 2360 1314 2428 putares.
1331 2353 1461 2426 Denique
1491 2357 1552 2411 toto
1575 2353 1623 2410 dio
1645 2354 1682 2410 de
1706 2351 1823 2409 vasculo

78 2472 85 2481 ·
118 2454 172 2507 set.
191 2448 282 2506 Fama
295 2448 395 2524 itaque
406 2451 534 2509 nominis
549 2454 613 2525 ojus
624 2454 790 2511 universam
801 2454 945 2527 percurrit
999 2443 1150 2514 hauriunt,
1168 2448 1228 2503 toln
1244 2443 1437 2502 nihil⁰ml¹u⁸
1451 2443 1498 2504 die
1513 2442 1719 2500 inefflssflsslum
1743 2458 1824 2514 rope-

119 2539 280 2612 regionem,
297 2555 361 2612 qum
377 2541 412 2596 ad
425 2541 579 2599 visendum
589 2539 739 2600 hominem
751 2542 800 2600 Dei
812 2543 944 2600 omnium
1000 2534 1089 2591 riunt.
1106 2535 1149 2590 Ad
1165 2535 1243 2607 quod
1258 2535 1369 2591 iactum
1386 2536 1542 2589 rexmente
1553 2532 1728 2587 immutatus
1744 2530 1826 2587 :Pee-

119 2627 210 2685 eerda
223 2627 365 2684 accendit.
382 2627 484 2687 Omnis
498 2635 579 2699 aetas,
595 2637 717 2707 uterque
727 2650 825 2700 sexus,
836 2632 943 2700 olnrus,
999 2625 1140 2693 cavimus,
1158 2624 1210 2694 ait,
1225 2622 1314 2679 nimis
1327 2622 1358 2678 in
1380 2620 1523 2678 famulam
1548 2620 1609 2690 Dei,
1626 2617 1825 2675 multitudinis

120 2714 271 2791 ignobilis,
287 2718 384 2773 tenuis
398 2723 426 2774 et
437 2719 624 2790 pecuniosus,
637 2721 766 2794 privatus
777 2725 805 2778 ct
815 2737 882 2776 cum
895 2737 944 2794 po·
1000 2715 1105 2767 1¹⁰⁸lr³2
1121 2709 1321 2784 Ssslssfflustssle'
1331 2725 1397 2766 eam
1409 2713 1613 2782 allllffllstsslffl·
1623 2706 1825 2779 stadixiblwst

120 2794 237 2875 testate,
254 2822 356 2862 omnes
371 2807 492 2864 omnino
507 2808 692 2867 Dunstanum
707 2809 879 2883 loquuntur,
895 2827 944 2867 sa.
999 2798 1111 2855 dietum
1124 2797 1228 2854 faeiem
1244 2797 1356 2865 avertit,
1372 2795 1418 2852 via
1431 2795 1593 2868 qua‘coepit
1607 2794 1754 2867 proiectus
1767 2797 1823 2852 est.

120 2893 443 2969 Plentimpfaeffifflssb
459 2896 596 2955 lilium
612 2899 813 2974 magnificant·
998 2914 1142 2986 AEprotoee
1161 2929 1278 2969 resectos
1292 2913 1335 2967 dia
1371 2913 1413 2967 nit
1436 2913 1466 2966 in
1489 2926 1589 2966 amnas
1612 2909 1759 2974 Danstoni,
1776 2910 1824 2981 qai

119 3008 244 3069 'ee
264 3012 340 3084 rev
358 3010 394 3067 u
416 3012 588 3070 reio
612 3014 723 3087 eie
739 3016 772 3081 e
788 3014 883 3074 re
901 3016 946 3074 a·
1033 2979 1825 3123 clitellae,-lectissima

281 3108 351 3157 '’W“
368 3101 464 3172 ΨΜ
475 3111 578 3160 'ma‘
588 3121 636 3178 ⁰1³⁶
649 3105 782 3178 Defparae·
959 3147 981 3216 c
1034 3129 1190 3184 hariolantes
1206 3127 1389 3184 luereditatcm
1401 3127 1531 3183 meliorata
1544 3127 1574 3179 in
1588 3124 1713 3181 ccclesias
1726 3130 1752 3178 et
1765 3139 1824 3179 mo·

156 3205 944 3287 15.Mulierquaedammominedlgilu(17),regalieaor
1035 3201 1165 3257 baimia-

117 3301 149 3355 ia
164 3295 314 3370 progenie,
331 3313 504 3370 magnarum
520 3299 700 3370 divitiarum,
716 3320 780 3375 quae
795 3320 882 3360 omne
897 3322 943 3361 se·
1035 3299 1078 3354 ta.
1094 3298 1151 3356 Sed
1161 3298 1225 3371 jam
1241 3302 1273 3353 ut
1283 3296 1312 3352 id
1329 3295 1406 3368 quod
1422 3293 1606 3352 instituimus
1631 3294 1823 3367 attingamus,

117 3402 187 3450 men
205 3384 319 3458 regium
336 3391 466 3443 materno
482 3405 599 3462 semper
613 3390 719 3448 ellectu
734 3391 884 3462 dilexerat,
902 3395 943 3451 fo·
998 3392 1147 3445 transacto
1162 3385 1296 3443 laborum
1312 3402 1433 3442 suorum
1444 3383 1571 3458 glorioso
1582 3383 1750 3455 certamine,
1762 3400 1825 3456 gra·

117 3479 210 3541 reret,
226 3473 379 3542 nutrierat,
396 3475 496 3532 inn'ma
511 3477 648 3536 manibus
662 3497 784 3537 suorum
799 3483 835 3538 ad
847 3483 943 3539 homi·
998 3475 1026 3532 vi
1041 3475 1171 3551 eorporis
1186 3474 1357 3532 intirmitate
1370 3473 1457 3546 coepit
1471 3472 1532 3529 beo
1553 3471 1655 3529 eedem
1680 3470 1823 3528 laborare.

116 3579 188 3629 nem
203 3562 255 3621 Dei
269 3564 404 3636 accessit,
420 3565 608 3624 sanctissime
620 3568 700 3626 illius
719 3570 864 3644 colloquio
879 3588 944 3644 per·
998 3565 1044 3620 Ad
1059 3581 1147 3638 quam
1164 3566 1235 3621 dum
1260 3579 1386 3619 moerens
1411 3566 1494 3635 pater
1507 3561 1677 3618 Dunstanus
1691 3560 1824 3631 intraret,

117 3652 177 3713 Irni
191 3651 373 3710 desiderans.
389 3655 458 3721 Ques
472 3671 541 3712 cum
556 3672 591 3712 ex
605 3673 654 3714 ore
669 3657 749 3716 illius
763 3661 885 3717 verbum
896 3678 946 3717 au·
999 3657 1066 3727 post
1081 3652 1246 3710 uberrimas
1261 3651 1467 3708 alterutrarum
1482 3649 1680 3723 lacrymarum
1699 3648 1824 3705 inunda-

117 3741 225 3810 ἀίω),
240 3741 313 3798 ⁸d00
328 3741 471 3800 delectata
484 3749 530 3802 est
552 3744 707 3804 dulcedine
732 3747 796 3804 vita
820 3753 943 3818 eterne,
999 3742 1104 3809 tiones,
1120 3745 1186 3815 post
1200 3739 1398 3797 humillimam
1413 3739 1466 3813 piae
1481 3737 1674 3795 confessionis
1693 3736 1824 3793 devotio·

118 3835 153 3891 nt
168 3829 294 3889 ulterius
307 3846 402 3904 neque
416 3832 538 3892 demum
553 3839 694 3908 repetere,
706 3853 800 3910 nequo
814 3836 878 3894 loeo
888 3837 946 3896 dis-
1000 3847 1077 3900 nem,
1094 3835 1161 3905 post
1176 3829 1381 3887 dulcissimam
1392 3829 1427 3884 de
1438 3827 1524 3884 beata
1534 3843 1585 3901 spe
1596 3829 1625 3884 et
1635 3825 1761 3883 adventu
1771 3825 1825 3883 llo·

118 3919 234 3987 eadere,
250 3919 302 3976 sed
321 3936 389 3976 eum
414 3921 498 3979 beato
521 3922 673 3982 Duuetano
695 3943 823 3996 manere,
840 3927 946 3998 vivere,
1000 3921 1073 3982 mini
1095 3919 1248 3979 salvatoris
1272 3917 1511 3986 consolationem,
1528 3915 1664 3974 hortatur
1685 3915 1767 3972 illum
1792 3919 1826 3973 ut

118 4007 197 4073 mori
211 4005 364 4081 deligeret.
380 4008 504 4069 Proinde
519 4011 732 4073 habitationem
743 4015 799 4072 sibi
811 4015 841 4072 in
852 4017 948 4073 altini·
1001 4013 1111 4070 nudam
1127 4028 1159 4068 se
1173 4010 1210 4069 ab
1230 4007 1310 4068 omni
1334 4009 1484 4065 mundana
1507 4005 1605 4081 speeie
1629 4005 1726 4076 iaciat,
1742 4022 1779 4063 no
1794 4005 1825 4061 in

119 4101 181 4155 tata
195 4096 272 4154 sacri
288 4098 388 4170 templi
404 4101 598 4170 constituens,
614 4102 759 4162 audiendo
783 4105 871 4163 verbo
895 4105 945 4162 Ilei
1000 4107 1171 4162 transeunte
1187 4100 1348 4174 quidquem
1364 4114 1452 4155 suum
1468 4096 1604 4172 princeps
1619 4094 1724 4154 mundi
1746 4096 1824 4153 inve·

120 4182 225 4243 sedulo
238 4185 352 4254 adesse,
368 4185 509 4245 famelicis
521 4189 627 4263 stipem
639 4193 718 4261 dore,
729 4199 840 4253 vestem
850 4193 947 4268 algen·
1001 4191 1072 4249 niet.
1088 4190 1141 4248 Cui
1156 4188 1207 4246 illo
1223 4205 1229 4246 :
1246 4186 1409 4255 Neminem,
1426 4184 1532 4260 iuquit,
1544 4183 1574 4241 in
1589 4183 1700 4241 mundo
1710 4183 1787 4242 siout
1797 4188 1825 4240 te

120 4272 289 4348 tibus,ipsa
303 4274 402 4332 multe
417 4277 603 4337 continentia
619 4283 947 4356 operamdare,prorsus
1001 4277 1209 4335 charissimum
1223 4275 1326 4343 habco,
1343 4277 1496 4348 propterea
1511 4272 1589 4345 qued
1605 4277 1633 4329 te
1644 4271 1824 4346 precipuum

120 4362 158 4420 ad
172 4378 262 4420 omne
276 4380 350 4436 opus
361 4364 484 4437 justitia
500 4369 720 4440 promptissima
730 4371 949 4431 emmeramme
1001 4367 1106 4426 salutis
1121 4382 1191 4422 mcae
1203 4363 1262 4423 seio
1279 4362 1563 4430 anetoronr,salveeo
1574 4362 1651 4434 quod
1663 4360 1755 4416 Deum
1765 4376 1826 4416 om·

119 4450 338 4510 venerationem
352 4453 443 4510 beata>
458 4454 579 4527 virginis
595 4457 691 4514 Maria
703 4459 864 4517 itolcrvens
873 4467 945 4530 erat,
1002 4456 1182 4530 nipotentem
1199 4453 1287 4510 totius
1299 4453 1438 4508 bonitatis
1448 4450 1645 4524 principatum
1656 4453 1753 4506 tenere
1763 4465 1824 4505 ore·

121 4542 154 4595 ut
169 4538 201 4594 in
215 4538 325 4610 templo
341 4537 422 4596 illius
438 4557 527 4612 quam
543 4540 642 4615 plures
653 4545 728 4600 sacri
744 4546 855 4602 ordinis
870 4546 947 4606 viros
961 4518 986 4586 D
1001 4546 1049 4603 do.
1065 4543 1152 4602 illum
1167 4558 1235 4616 ergo
1251 4557 1348 4598 rerum
1369 4557 1502 4597 mearum
1526 4538 1669 4595 haeredem
1696 4537 1779 4608 lucio,
1796 4543 1825 4595 te

119 4624 241 4697 locaret,
258 4627 367 4700 quibus
382 4628 447 4701 ipsa
463 4647 643 4704 quacunque
667 4634 831 4692 necessaria
854 4636 948 4693 lorent
1001 4651 1067 4691 vero
1092 4631 1269 4690 haereditatis
1294 4634 1420 4687 tutorem
1445 4629 1656 4696 constituant
1680 4626 1823 4699 quidquid

121 4732 176 4774 sue
189 4714 367 4773 liberalitate
382 4716 538 4774 exhiberet.
552 4721 733 4787 Quadecein
743 4728 858 4780 tantum
869 4726 947 4799 apud
1001 4724 1085 4781 illum
1100 4721 1269 4797 cognoveris
1284 4719 1368 4789 velle,
1385 4719 1428 4777 tui
1444 4717 1557 4774 arbitrii
1571 4717 1735 4774 sitellectui
1746 4733 1826 4773 man-

121 4804 259 4862 eamdem
271 4803 422 4878 Virginem
439 4808 504 4878 eJ'us
519 4809 624 4865 merita
637 4809 799 4879 valuerant
814 4815 837 4870 sl
855 4832 947 4887 quan·
1001 4812 1193 4886 cipare.Quod
1210 4812 1312 4867 beatus
1327 4811 1498 4865 Duustanus
1514 4808 1678 4874 audiens,et
1692 4806 1825 4879 quemvis

121 4893 344 4951 donecessiiate
352 4902 452 4951 coacta
460 4896 612 4970 quidpiam
622 4900 842 4972 postularet,vix
850 4902 949 4977 aliqua
1003 4903 1112 4959 invitus
1127 4901 1191 4973 ejus
1205 4898 1349 4956 voluntati
1366 4914 1476 4954 morem
1488 4914 1587 4970 gerere
1597 4895 1826 4965 volens,univor·

123 4980 324 5041 intercedente
339 4983 454 5041 morula
468 4986 505 5042 ab
520 4986 622 5044 eadem
639 4991 855 5063 susciperet.Ut
869 4993 948 5049 enim
1003 5010 1052 5049 sas
1065 5008 1152 5064 gazas
1167 4989 1241 5062 ejus,
1259 5005 1323 5060 qua
1340 4987 1369 5042 in
1385 4986 1473 5042 rebus
1493 4986 1652 5042 mobilibus
1673 5001 1826 5058 superesse

123 5070 186 5128 eine
202 5070 290 5129 taedio
307 5071 467 5146 legentium
484 5074 699 5149 aliquantulam
715 5079 751 5135 ab
765 5079 890 5153 incoepto
905 5082 950 5139 di·
1004 5076 1298 5154 poterant,extemplo
1309 5075 1488 5149 pauperibus
1499 5074 1637 5147 erogabat
1647 5092 1654 5143 ;
1666 5080 1827 5130 cateraau·

123 5159 308 5234 grossiorem
324 5161 429 5218 faciam
445 5166 551 5237 (neque
564 5166 643 5223 enim
653 5184 805 5241 orequam
816 5175 949 5226 tenemus
1004 5175 1062 5226 tem
1079 5169 1115 5224 ad
1131 5165 1326 5224 Ecclesiarum
1340 5162 1570 5220 sublevationem
1582 5163 1826 5220 reservabatlam

128 5309 131 5315 ·
156 5275 216 5358 (ll)
246 5274 283 5331 B.
309 5276 456 5351 apellatur
483 5278 654 5351 Cercetlledu,
683 5282 804 5339 Osberto
830 5284 948 5356 Elegiae.
1004 5289 1078 5351 tum,
1096 5283 1225 5366 itemque
1240 5279 1392 5348 Osberlus,
1408 5279 1459 5351 qui
1476 5279 1564 5346 addit,
1583 5297 1634 5353 qao
1651 5280 1827 5352 lrrpliqoom

121 5345 196 5408 illua
209 5345 340 5404 AEltleda.
357 5349 422 5406 Hac
436 5351 473 5406 od
486 5352 680 5409 occidentalem
694 5355 788 5425 templi
802 5357 950 5426 partemin
1002 5357 1125 5412 nuccime
1138 5361 1180 5410 att
1193 5353 1323 5412 solebant.

122 5415 226 5501 mula
239 5415 389 5502 habitasse
404 5420 513 5478 dicitur
524 5425 601 5497 apud
611 5424 701 5496 liqui
712 5426 845 5482 eamdem
857 5425 952 5483 Ethel-
1041 5427 1097 5500 (19)
1112 5427 1144 5481 B.
1160 5425 1201 5480 ait
1214 5423 1244 5479 id
1272 5424 1379 5480 lactum
1402 5433 1463 5498 post
1486 5440 1599 5498 precam
1625 5424 1827 5500 vitiosarumque

122 5492 201 5547 elena
217 5504 296 5563 regis
310 5500 417 5566 neptem
431 5499 523 5550 vocat.
1005 5498 1204 5558 celebrationes.

132 5570 137 5588 ¹·
155 5561 217 5637 (18)
231 5560 265 5619 B.
281 5578 341 5621 une
354 5564 496 5623 vocabulo
506 5565 661 5627 medonem
675 5567 802 5644 appellat
814 5568 893 5628 bune
902 5587 952 5648 po·
1262 5630 1264 5635 ,

283 5687 418 5758 Parnon.
441 5692 614 5762 cxxxvii.
1617 5695 1662 5761 u
