3900 6090
118 266 198 328 teat
300 272 306 283 “
780 269 915 330 Paesto
937 268 972 334 S·
992 268 1160 339 butten.
1743 273 1823 345 lm

118 398 225 467 Donec,
240 415 275 455 ex
290 400 398 456 nestris
413 400 508 469 strati,
526 418 578 474 per
591 402 690 458 secula
706 401 782 472 telis,
958 398 1094 478 AQuam
1107 406 1135 459 te
1149 405 1309 476 grandaeva
1325 403 1428 461 vinclis
1444 421 1526 477 spem
1542 406 1656 462 tradere
1670 405 1745 465 vite.

118 487 204 544 leviti
220 487 330 544 nostris
344 488 522 546 submittant
537 488 613 546 colla
627 492 750 547 catenis.
1039 490 1101 547 Neu
1117 491 1185 547 tulit
1199 510 1266 566 ergo
1281 497 1393 566 patrem
1409 493 1545 566 Pelagius
1563 493 1622 550 iste
1644 497 1830 568 sequentem,

154 577 220 633 llec
228 581 385 649 postquam
388 578 491 649 jactat,
501 579 947 652 causamquedelimemorabat‚
1004 577 1059 634 Sed
1072 578 1181 635 mulcet
1196 580 1284 637 dietis
1297 585 1426 638 mentem
1442 582 1523 638 chari
1538 581 1691 655 genitoris,

117 665 212 723 tussa
228 665 357 722 collectis
372 666 478 738 vulgus
492 684 666 724 concurrere
683 669 802 738 turmis,
1004 667 1038 721 Et
1051 666 1264 741 cogitblandis,
1281 671 1360 742 quod
1376 669 1471 726 suasit
1483 669 1568 742 vello,
1584 668 1719 743 loquelis.

117 756 272 811 Armorum
288 754 376 811 variis
392 755 570 812 instructum
587 758 713 830 denique
726 757 832 829 signis,
1003 754 1157 811 Consensit
1172 759 1309 829 precibus
1325 759 1444 815 tandem
1461 758 1576 831 genitor
1589 760 1785 830 venerandus,

118 845 252 916 Pexgcret
268 848 300 904 ut
315 848 431 916 gentem
448 863 550 901 secum
567 846 664 901 delere
680 845 808 913 fidelem,
1003 844 1136 900 Tradidit
1150 852 1179 902 ot
1193 851 1305 912 natum,
1324 852 1417 903 semet
1433 846 1614 918 redimenda,
1631 846 1790 904 misellum.

119 933 309 1004 ostentatque
324 950 411 987 suum
423 938 570 1006 gemmato
586 935 700 990 casside
714 934 839 1002 vultum,
1003 933 1085 987 'l'unc
1102 952 1150 989 rex
1164 934 1314 1008 Pelagium
1326 936 1418 1006 jussit
1434 936 1592 1007 perducere
1607 952 1718 1004 secum,
1825 939 1828 943 ’

120 1022 223 1077 Ferrea
237 1020 354 1077 lascivis
369 1020 524 1093 imponens
541 1023 672 1096 tegmina
688 1023 840 1089 membris,
1002 1021 1038 1076 at
1052 1020 1135 1076 laetus
1151 1023 1237 1078 rediit
1252 1024 1376 1096 patriam
1391 1023 1541 1095 victorque
1555 1023 1665 1079 revisit.

117 1109 299 1182 'talicunque
313 1109 410 1166 locum
421 1114 532 1182 peteret
546 1129 654 1184 pompa
670 1116 877 1177 memoratum,
1038 1109 1143 1166 Nullus
1157 1128 1208 1183 pro
1222 1112 1335 1167 meritis
1350 1113 1450 1168 credat
1465 1113 1574 1167 lactum
1588 1112 1649 1167 lore
1664 1111 1741 1185 regis

119 1200 153 1255 nt
168 1203 284 1272 gentem
299 1198 394 1272 primo
410 1203 535 1256 tentaret
550 1201 675 1274 denique
694 1201 786 1270 bello,
1002 1199 1072 1270 Hoc,
1086 1200 1163 1270 quod
1178 1204 1238 1256 tam
1253 1199 1377 1274 pulchra
1391 1200 1525 1256 vincebat
1535 1199 1662 1272 denique
1676 1216 1794 1274 pompa,

119 1287 269 1361 Extemplo
286 1291 401 1344 tentum
417 1288 539 1345 sortitur
554 1307 681 1362 namque
697 1290 892 1363 triumphum.
1002 1287 1059 1344 Sed
1075 1304 1159 1361 mage
1168 1289 1281 1360 judicie
1297 1294 1407 1346 secrete
1420 1289 1533 1346 Judicis
1543 1289 1631 1362 aqui,

119 1377 197 1434 m
211 1376 248 1435 Ut
257 1377 322 1449 jam
337 1376 383 1433 bis
404 1393 501 1447 senos,
518 1395 578 1434 una
592 1396 659 1434 cum
675 1377 806 1453 principe
833 1383 946 1453 captos,
1004 1375 1039 1432 Ut
1054 1376 1192 1449 populus,
1208 1381 1290 1435 tento
1305 1382 1457 1451 correptus
1472 1378 1527 1436 rite
1544 1377 1668 1452 llagello,

120 1465 261 1538 lllaqueat
275 1464 408 1536 comites,
421 1466 511 1524 aretis
526 1468 703 1542 stringitque
717 1468 839 1526 catenis.
1002 1463 1097 1522 Floret
1110 1465 1201 1523 tetius
1217 1467 1326 1541 proprii
1342 1467 1502 1524 commissa
1516 1471 1625 1538 reatus,

154 1555 205 1611 llis
219 1571 373 1627 procerum
389 1556 506 1612 damnis
521 1575 629 1631 magna
643 1557 757 1614 scritate
773 1557 892 1631 paratis,
1000 1552 1062 1623 Vel,
1078 1556 1157 1627 quod
1168 1555 1424 1630 Pelagius,Cbristi
1440 1573 1492 1629 pre
1507 1554 1570 1624 lege
1585 1555 1648 1631 lege
1664 1555 1823 1617 necandas

119 1643 213 1700 Cessit
226 1644 302 1700 vieta
316 1644 379 1701 suis
393 1644 539 1702 fidissima
553 1663 625 1720 gens
643 1646 785 1719 inimicis,
1001 1642 1085 1699 Ferte
1100 1643 1197 1700 locum
1212 1649 1323 1718 peteret
1338 1662 1396 1718 que
1411 1661 1443 1702 se
1458 1645 1545 1702 morti
1559 1645 1630 1701 dare
1644 1648 1755 1719 posset,

120 1731 262 1789 Subditur
275 1732 447 1807 atquojugo
460 1736 587 1806 perversi
604 1734 680 1809 regis
696 1735 806 1808 inique.
962 1732 1058 1835 BNec
1074 1750 1130 1789 non
1147 1734 1343 1807 sanguineum
1358 1751 1410 1807 pro
1425 1733 1541 1791 Christo
1557 1733 1680 1790 fundere
1692 1732 1799 1803 rivum,

120 1822 214 1889 Tunc,
230 1825 392 1878 restaurate
409 1840 511 1880 rursus
525 1840 642 1897 quoque
656 1824 762 1881 tradere
780 1824 889 1896 primo,
1003 1821 1178 1894 Impendens
1194 1822 1324 1880 animam
1339 1823 1463 1880 Domine
1479 1822 1553 1880 bene
1568 1826 1662 1880 morte
1675 1822 1798 1897 piatam.

122 1910 204 1966 Loris
219 1911 382 1983 procedunt
395 1911 483 1967 vincti
499 1913 621 1969 comites
636 1913 774 1984 duodeni,
1038 1909 1197 1982 Postquam
1213 1929 1262 1967 rex
1274 1912 1377 1968 urbam
1393 1912 1489 1985 tetigit
1504 1930 1597 1969 sevus
1611 1912 1798 1986 locupletem,

120 1999 194 2055 Cum
210 1999 379 2072 concaptivo
394 1999 463 2056 victi
479 2005 590 2058 rectore
600 2000 719 2075 popelli.
1002 1999 1124 2055 Portare
1139 1998 1310 2071 praclarum
1323 1999 1399 2056 vieta
1414 2001 1449 2056 de
1464 2005 1551 2073 gente
1565 2001 1761 2075 triumphum,

121 2087 176 2154 Qui
190 2088 278 2144 citius
287 2087 391 2145 vinclis
406 2089 608 2146 dissolvuntur
622 2090 782 2158 resolutis,¹
1002 2087 1083 2144 Ilicet
1096 2088 1246 2162 egregium
1260 2089 1368 2146 Christi
1382 2088 1518 2162 pracepit
1533 2089 1661 2146 amicum

121 2176 251 2249 Dxempti
268 2176 393 2250 proprias
409 2179 502 2251 pretio
517 2195 593 2252 gaze
609 2197 776 2237 numerose.
831 2182 834 2187 ’
1002 2176 1132 2233 Carceris
1147 2176 1177 2232 in
1194 2178 1330 2234 tenebras
1356 2178 1487 2236 vinctum
1512 2179 1701 2254 submergere
1716 2180 1827 2254 nigrae,

121 2265 177 2321 Sed
192 2265 276 2321 ducis
291 2270 336 2322 est
347 2266 474 2339 pretium
486 2269 575 2339 jussu
592 2269 669 2342 regis
684 2268 879 2342 duplicatum,
1003 2265 1178 2339 Deliciisque
1190 2267 1255 2322 cibo
1272 2268 1417 2323 nutritum
1432 2285 1551 2340 pascere
1564 2285 1663 2340 parve.

122 2353 263 2428 Ultraque
278 2371 367 2428 quam
378 2357 504 2430 propriis
517 2359 611 2431 pessit
625 2359 788 2432 persolvere
803 2359 893 2432 gazis.
1038 2355 1574 2427 Cerdubanamqnelocemservatsub
1588 2357 1699 2414 lernice
1709 2360 1830 2429 tetrum,

120 2443 252 2517 Cumque
268 2444 314 2501 sui
330 2462 419 2501 causa
433 2447 494 2520 regi
508 2447 633 2504 deferret
648 2465 746 2517 avare,
1002 2443 1131 2500 Oblitum
1147 2443 1222 2499 lucis
1237 2445 1501 2518 consignatumque
1515 2446 1654 2517 tenebris,

121 2535 188 2600 Qua
204 2533 323 2606 quidem
338 2534 445 2591 habere
461 2535 541 2591 demi
558 2536 677 2592 sibimet
692 2537 797 2605 suevit,
812 2535 931 2610 pretiosi
1003 2533 1081 2590 UD
1097 2533 1224 2588 Maxima
1235 2533 1284 2605 qui
1299 2533 1416 2590 uiiseris
1431 2535 1523 2589 fertur
1533 2535 1593 2590 lere
1603 2550 1694 2590 causa
1707 2533 1829 2590 doloris.

122 2621 217 2678 Causa
231 2623 357 2678 condicti
372 2640 495 2696 parvum
510 2624 581 2697 quid
598 2625 691 2682 deluit
705 2626 779 2683 auri.
1003 2622 1065 2678 lllic
1081 2620 1225 2694 Pelagius,
1242 2621 1416 2694 prepollens
1430 2622 1511 2694 pacis
1525 2622 1676 2693 alumnus,

123 2711 205 2776 enoc
222 2729 271 2767 rex
285 2712 596 2794 sentiscens,lraudem
611 2732 729 2787 quoque
745 2720 842 2772 ruente
857 2713 948 2771 revol-
1002 2710 1166 2782 Clauditur,
1180 2710 1302 2783 imperio
1319 2710 1395 2784 regis
1410 2715 1530 2785 cogente
1543 2711 1678 2769 nolendo.

124 2798 201 2855 Dixit
216 2799 291 2856 nolle
307 2800 411 2857 ducem
427 2801 535 2874 populo
550 2802 697 2860 dimittere
708 2803 834 2876 dulcem,
855 2803 947 2878 [vene
1002 2799 1064 2856 Illic
1078 2817 1146 2872 erge
1157 2799 1210 2854 viri
1226 2805 1367 2856 venerunt
1382 2799 1483 2857 sedule
1497 2801 1595 2874 primi,

125 2887 160 2943 Ni
176 2888 258 2961 prius
273 2888 417 2946 indictum
431 2890 516 2964 plene
531 2891 624 2948 solvat
639 2892 694 2949 sibi
708 2910 840 2965 censum,
1004 2888 1156 2944 Mulcendo
1173 2893 1302 2944 mentem
1314 2889 1443 2961 juvenis,
1459 2906 1549 2946 causa
1563 2889 1690 2962 pietatis.

124 2976 187 3033 Nou
202 2978 429 3036 sitienstantum
442 2979 528 3052 pretii
539 2982 617 3054 qued
633 2982 726 3037 deluit
741 3000 858 3050 aarum,
1003 2979 1068 3050 Oui,
1084 2995 1152 3034 curn
1167 2978 1310 3035 vidissent
1323 2977 1436 3034 vultum
1450 2979 1526 3051 capti
1542 2979 1720 3052 speciosum,

124 3067 271 3132 Quantum
287 3073 429 3125 rectorem
445 3069 545 3142 populi
561 3069 648 3143 gestit
662 3071 731 3126 dare
747 3072 844 3127 morti.
1004 3069 1061 3124 Nec
1072 3085 1130 3123 non
1146 3066 1299 3141 predulcis
1314 3072 1484 3140 gustassent
1500 3067 1594 3141 ipsius
1608 3067 1668 3124 eris

159 3155 213 3222 eui
230 3157 325 3214 lucrat
336 3162 424 3214 natus
439 3158 570 3232 preclari
585 3159 727 3232 germinis
744 3177 831 3228 unus,
962 3136 986 3202 C
1004 3157 1132 3213 Verbula
1146 3155 1296 3213 rhetoricae
1311 3155 1476 3212 circumlita
1490 3157 1576 3213 mello
1590 3157 1722 3229 loquele,

124 3244 210 3301 Omni
227 3245 380 3318 praenitida
392 3248 552 3320 compostis
566 3265 686 3320 corpere
701 3250 805 3317 torma,
1006 3247 1153 3320 Optabant
1167 3246 1293 3318 speciem
1306 3245 1410 3302 vinclis
1424 3246 1572 3303 absolvere
1586 3246 1685 3304 talem.

123 3334 235 3390 Nomen
252 3334 397 3408 Pelagius,
414 3336 514 3392 ferma
529 3336 684 3409 splendere
699 3338 833 3406 decorus,
1007 3337 1072 3392 lloec
1087 3339 1115 3391 et
1130 3338 1288 3391 suaserunt
1302 3333 1362 3406 regi
1373 3335 1437 3405 jam
1454 3338 1568 3406 sceptra
1582 3335 1703 3391 tenenti.

122 3422 250 3479 Consilio
265 3424 406 3497 prudens,
423 3430 484 3482 teta
498 3425 628 3483 bonitate
643 3425 807 3499 refulgens3
1043 3425 1142 3498 Ipsum
1158 3423 1250 3479 felicis
1264 3427 1341 3478 certe
1357 3439 1508 3479 summurn
1524 3426 1612 3495 eaput
1625 3422 1718 3495 urbis,

123 3511 189 3579 Qui,
206 3512 253 3567 vix
267 3513 425 3569 transactis
436 3514 500 3585 jam
517 3518 588 3570 tunc
603 3515 767 3588 puerilibus
783 3516 879 3584 annis,
1006 3515 1182 3586 Corruptum
1197 3512 1286 3580 vitiis,
1298 3513 1523 3584 cognoscebant,
1535 3511 1706 3584 Sodomitis,

122 3601 228 3674 attigit
242 3601 336 3658 aetatis
351 3602 463 3675 primos
479 3603 564 3660 llores
573 3603 723 3675 juvenilis.
1008 3603 1164 3658 Formesos
1177 3601 1251 3656 facie
1259 3602 1383 3671 juvenes
1400 3601 1536 3656 ardenter
1551 3617 1661 3672 amare,

122 3690 255 3762 Cumque
269 3695 315 3747 sat
330 3691 477 3748 immitem
493 3693 568 3765 patri
583 3691 671 3750 sciret
685 3693 745 3750 sore
760 3709 868 3766 regem,
1007 3691 1065 3747 llas
1081 3694 1110 3745 et
1124 3688 1260 3746 amicitia
1276 3688 1398 3760 propriae
1414 3688 1591 3760 conq'ungere
1605 3687 1688 3744 velle.

123 3777 187 3833 'rati
203 3785 373 3836 maerentem
390 3779 541 3837 blanditur
550 3799 619 3838 vecc
630 3787 782 3855 parentem
799 3798 806 3838 :
1008 3780 1102 3851 llujus
1117 3793 1244 3850 namque
1259 3776 1299 3832 rei
1313 3793 1470 3844 memores,
1485 3775 1584 3832 animo
1600 3776 1763 3845 miseranti,

160 3867 235 3924 Omi
247 3869 333 3925 chare
349 3873 441 3943 pater,
455 3887 522 3926 mea
536 3871 654 3945 suscipe
663 3870 751 3928 verba
762 3869 896 3940 libenter,
1007 3869 1102 3925 Causa
1117 3867 1235 3940 Pelagii,
1252 3869 1409 3922 suaserunt
1422 3863 1493 3921 talia
1507 3864 1567 3938 regi
1584 3882 1591 3922 ι

124 3954 169 4027 at,
186 3972 249 4027 qua
265 3973 447 4029 commoneo,
461 3974 550 4015 sensu
567 3958 640 4014 bene
655 3957 770 4031 percipe
786 3964 932 4032 prompto.
1045 3958 1107 4015 Non
1129 3957 1212 4012 decet
1229 3972 1297 4028 erge
1308 3959 1403 4026 tuum,
1419 3953 1555 4026 princeps
1566 3952 1735 4025 fortissime,
1751 3968 1833 4026 soep-

124 4041 220 4099 Calleo
236 4060 363 4117 namque
373 4049 455 4101 tuam
472 4046 553 4102 senio
570 4047 738 4104 decrescere
752 4046 853 4119 vitam,
1007 4047 1125 4106 Duriter
1139 4050 1171 4101 ut
1185 4061 1309 4118 puerum
1320 4044 1442 4099 mandes
1453 4042 1557 4116 punire
1566 4043 1716 4116 decorum,
1729 4041 1836 4116 lirum.

123 4130 243 4188 Viribus
257 4135 286 4188 et
301 4134 427 4206 propriis
445 4151 548 4192 nervos
561 4136 680 4208 penitus
694 4139 844 4208 vacuatos,
1008 4137 1127 4197 Obsidis
1140 4139 1169 4191 et
1184 4139 1299 4191 teneros
1314 4131 1439 4190 insontis
1454 4131 1598 4206 stringere
1612 4149 1727 4206 nervos,
1829 4146 1832 4153 ’

124 4219 181 4277 Nec
196 4225 224 4277 te
238 4238 324 4295 posse
339 4222 459 4296 quidem
475 4223 546 4281 levis
562 4224 632 4297 quid
649 4225 722 4281 serre
737 4225 856 4282 laberis.
1010 4227 1081 4298 Ejus
1096 4222 1281 4298 praenitidam
1298 4220 1388 4277 velles
1403 4221 1427 4276 si
1442 4238 1559 4278 cernere
1570 4221 1705 4288 sormam,

123 4310 176 4366 Ast
190 4327 243 4384 ego
258 4312 309 4368 scd
324 4311 429 4368 validis
441 4313 615 4370 dominabor
629 4313 737 4386 qnippe
752 4313 880 4388 lacertis,
896 4302 899 4308 ’
1010 4317 1045 4371 ut
1060 4320 1120 4370 tam
1135 4312 1281 4369 mollitam
1297 4310 1402 4368 saltem
1417 4315 1537 4385 gustare
1551 4309 1710 4384 loquelam,

122 4398 165 4454 Ad
182 4403 358 4474 tempusque
372 4405 478 4474 potens
492 4401 620 4458 dominis
636 4403 826 4459 succumbere
841 4403 934 4476 duris,
1010 4407 1103 4472 Quam
1119 4418 1240 4474 cuperes
1250 4401 1388 4471 juvenem
1407 4399 1523 4456 tibimet
1543 4402 1721 4472 conjungere
1735 4399 1835 4473 talea,

124 4487 307 4561 Quapropter
321 4507 436 4562 moneo,
448 4490 585 4563 precibus
597 4490 773 4564 blandisque
788 4495 895 4565 rogabo
966 4507 990 4571 ῃ
1004 4496 1120 4559 Gradus
1135 4491 1246 4547 militia
1263 4507 1316 4546 nec
1331 4508 1388 4546 non
1404 4505 1555 4546 assumere
1574 4489 1686 4563 prima,

123 4576 200 4633 125
216 4576 253 4634 Ut
269 4577 329 4652 regi
346 4583 450 4635 natum
465 4596 512 4636 me
527 4580 657 4655 deponas
671 4579 724 4635 tibi
736 4580 869 4653 charum,
1011 4592 1138 4659 Corpore
1154 4580 1312 4638 candidule
1328 4581 1381 4635 tibi
1397 4597 1454 4651 quo
1469 4579 1591 4636 serviret
1605 4579 1634 4635 in
1650 4579 1726 4637 aula.

124 4662 221 4721 Donec
236 4666 369 4725 sufficias
380 4668 507 4740 prelium
523 4668 686 4741 persolvere
701 4674 806 4742 totum,
1048 4676 1099 4731 His
1114 4689 1163 4727 rex
1178 4668 1310 4725 mollitus
1326 4668 1423 4738 dictis,
1439 4667 1494 4722 bae
1508 4683 1577 4723 voce
1592 4671 1720 4739 coaetus,

123 4752 164 4810 Ne
179 4758 231 4810 tua
246 4755 368 4813 canities
383 4757 488 4813 vinetis
502 4758 659 4815 intercidat
674 4759 774 4815 arctis.
1010 4764 1105 4823 Jussit
1120 4758 1267 4832 Pelagium
1282 4756 1366 4813 nodis
1379 4755 1499 4812 evellere
1513 4756 1607 4828 duris,

161 4843 195 4897 Et
211 4844 310 4901 senior
324 4849 425 4902 contra
440 4847 555 4903 dicebat
568 4865 637 4904 voce
652 4865 751 4904 severa
768 4865 774 4905 :
1014 4855 1165 4922 Omneque
1181 4848 1294 4903 lavacro
1310 4861 1416 4916 corpus
1431 4844 1581 4918 detergere
1596 4861 1680 4918 puro,

123 4929 228 4988 Desine
245 4937 327 4991 tanta
342 4933 433 5008 loqui,
451 4935 632 5009 dulcissime,
649 4937 760 5009 desine,
778 4938 831 5010 fili,
1014 4944 1148 5013 Laetaque
1164 4951 1311 5010 purpureo
1324 4933 1506 4988 circumdare
1521 4933 1649 5006 tegmine
1663 4934 1807 5007 membra,

122 5019 164 5075 Ne
180 5037 305 5078 moercre
321 5040 401 5080 meos
416 5026 508 5081 ducas
524 5026 554 5080 in
571 5030 682 5082 tartara
696 5043 794 5083 canos.
1013 5031 1127 5087 Collum
1143 5022 1300 5099 gemmatis
1315 5038 1367 5077 nec
1383 5039 1440 5077 non
1456 5039 1560 5078 ornare
1575 5021 1715 5093 metallis,

123 5107 225 5165 Nonne
236 5109 331 5167 salute
348 5116 399 5168 tua
410 5114 518 5187 pendet
531 5118 648 5187 tantum
664 5130 730 5170 mea
743 5114 811 5169 vita.
1014 5122 1076 5186 Quo
1089 5119 1163 5174 bene
1178 5116 1348 5168 constructa
1362 5116 1462 5183 posset
1473 5111 1532 5166 lore
1548 5110 1633 5168 miles
1648 5111 1678 5165 iu
1693 5111 1770 5168 aula.

122 5195 158 5252 lit
175 5196 240 5253 siae
255 5203 284 5254 te
296 5202 427 5274 spatium
443 5201 525 5259 valeo
540 5202 587 5277 pie
604 5203 698 5260 vivere
714 5201 853 5259 nullum?
1013 5206 1133 5264 Caesaris
1148 5201 1270 5276 imperio
1286 5200 1427 5257 tunehac
1443 5204 1565 5272 urgente
1581 5199 1718 5272 superbo,

123 5286 163 5340 re
176 5287 266 5344 decus
282 5306 368 5346 omne
384 5308 495 5365 meum,
507 5297 539 5348 tu
554 5292 648 5366 gloria
663 5310 771 5366 magua
786 5296 955 5366 parentum,
1013 5293 1164 5367 Extemplo
1180 5292 1272 5365 nigris
1287 5295 1399 5362 martyr
1413 5289 1585 5362 producitur
1600 5288 1704 5361 antris,

123 5372 161 5428 lis
174 5391 290 5451 quoqne
306 5379 432 5453 subjecti
446 5382 533 5438 nobis
547 5399 615 5455 spes
631 5381 694 5439 sola
708 5381 825 5454 popelli.
1018 5384 1139 5441 Sistitur
1153 5387 1241 5454 atque
1256 5384 1323 5452 toga
1338 5377 1426 5451 regali
1438 5381 1574 5450 comptus
1586 5376 1616 5433 in
1631 5376 1709 5435 aule.

123 5462 309 5540 Quapropter
322 5469 449 5540 patriam
460 5475 581 5542 praestat
596 5488 642 5528 me
657 5471 790 5545 linquere
805 5469 937 5543 charam,
1048 5474 1180 5544 Cumque
1190 5468 1330 5543 palatinis
1344 5467 1460 5524 medius
1475 5467 1550 5524 leret
1563 5465 1612 5523 illa
1626 5466 1750 5540 locatus,

125 5548 259 5613 Necnon
279 5556 451 5634 Hispaniam
466 5560 598 5620 vinctum
613 5565 768 5636 penetrare
784 5560 955 5636 superbam,
1011 5561 1153 5618 vincebat
1167 5559 1262 5617 socies
1277 5556 1376 5615 vultus
1392 5556 1548 5632 splendore
1562 5559 1687 5633 togatos.

284 5693 420 5760 Parnon.
445 5697 624 5763 cxxxvii.
1643 5693 1684 5761 35
