3900 6090
142 270 181 332 5³
633 280 809 357 beasset
831 277 995 343 mutuis
1016 278 1347 345 unuoutslsnsls
1802 277 1842 337 56

143 421 202 477 quo
218 406 382 481 omnia,pcr
394 426 483 482 quem
499 412 607 481 omnia,
619 417 648 468 et
662 414 691 468 in
702 430 759 486 qno
774 416 844 469 sunt
853 410 962 481 omnia,
977 411 1006 480 Α
1020 428 1072 487 per
1087 416 1218 469 nostram
1231 411 1463 469 benedictionem
1474 413 1526 469 tibi
1541 411 1692 468 aDomiuo
1702 425 1843 465 concessa

142 498 171 549 et
186 494 249 550 sine
264 513 322 568 quo
337 498 446 555 fuctum
471 504 517 556 est
541 501 625 556 nihil.
642 502 707 557 Haec
731 501 878 574 tripartita
896 517 964 557 con·
1018 499 1137 568 dotalia,
1155 519 1207 574 per
1221 519 1285 574 qum
1301 519 1440 574 sponsam
1465 500 1571 557 Christi
1596 504 1623 555 te
1646 498 1676 554 in
1699 502 1842 554 aternum

140 584 255 655 junctio
270 591 298 641 et
314 589 470 659 conjuncta
484 590 596 656 divisio,
609 593 637 644 et
651 590 679 644 in
696 591 828 663 personis
838 589 966 646 excludit
1018 605 1220 663 recognoscas,
1245 594 1274 646 et
1297 589 1465 646 transitoria
1489 589 1712 656 contemnendo,
1733 585 1841 659 sempi-

144 672 294 741 unionem,
324 680 352 731 et
379 677 408 730 in
439 694 630 748 personarum
654 679 840 736 distinctione
854 678 965 735 obtinet
1018 676 1668 752 terungaudiacomprehendaslllconimin
1684 678 1842 731 tuamcnte

144 761 297 817 unitatem.
314 764 376 819 Non
397 770 495 820 autem
519 765 596 822 sicut
616 770 675 824 tres
701 785 849 841 personas,
873 768 914 823 ita
936 772 965 824 et
1018 765 1088 839 quid
1101 767 1189 823 facies
1202 763 1842 841 prospicit,etquamdecentercjusvirgn'ncs

141 852 201 905 tres
217 849 286 905 deos
302 852 458 919 eredimus,
476 855 526 910 sod
551 855 580 910 in
604 855 699 913 tribus
727 857 859 929 personis
874 873 963 912 unam
1018 854 1166 912 comiteris
1181 855 1316 912 attendit.
1332 857 1487 929 Propterea
1501 856 1537 910 ab
1557 852 1783 911 adolescentulis
1797 853 1842 926 ip-

139 936 283 993 Deitatcm
294 939 663 999 confitemurz'lrinitatem
674 949 806 1000 sanctam
817 945 964 1003 credimus
1018 943 1081 1000 sius
1092 948 1125 1000 ut
1134 944 1264 1017 diligeris
1274 945 1461 1002 vehementer
1475 946 1633 1011 decerta,et
1643 948 1709 1016 post
1723 943 1842 998 odorem

137 1025 169 1081 in
184 1027 415 1085 subsistentibus
425 1032 568 1102 personis,
585 1033 728 1088 unitatem
738 1050 804 1089 vero
816 1034 844 1088 in
859 1038 965 1089 natura
1018 1037 1235 1106 unguentorum
1247 1033 1326 1089 illius
1335 1051 1452 1090 currere
1462 1035 1635 1090 festinanter
1645 1030 1760 1100 anhela,
1768 1048 1842 1088 sem·

137 1118 167 1170 et
191 1116 344 1187 majestate
368 1134 402 1173 ac
428 1118 594 1176 substantia
615 1121 748 1179 Deitatis.
764 1121 856 1179 Omne
875 1122 965 1195 igitur
1018 1139 1070 1196 per
1085 1140 1137 1196 pro
1152 1122 1299 1180 concessis
1315 1124 1437 1180 Domino
1463 1122 1572 1197 gratias
1592 1122 1729 1188 referens,
1745 1125 1774 1176 ct
1789 1137 1842 1194 pro

137 1204 215 1275 quod
231 1209 286 1271 est,
312 1204 343 1259 in
367 1206 425 1262 duo
451 1207 619 1264 dividimus.
635 1210 753 1282 Absque
776 1211 839 1267 sola
860 1229 965 1286 nempe
1017 1210 1211 1268 concedendis
1225 1211 1377 1269 humiilter
1391 1210 1842 1284 exoransllortorquetehabero

136 1291 278 1349 Trinitatc
302 1311 389 1351 omnc
412 1297 490 1369 quod
516 1297 546 1352 in
572 1298 652 1355 coelis
674 1300 819 1372 terrisque
844 1317 861 1356 a
889 1300 965 1358 mari
1017 1298 1840 1374 inmemoriaquepossidereconcupiscisinvitamternn,

135 1384 305 1453 potentatur
320 1383 363 1439 vel
380 1386 477 1458 agitur
491 1386 535 1441 vel
551 1391 694 1454 movetur,
711 1393 876 1445 ereaturam
901 1407 967 1446 esse
1018 1392 1051 1445 ut
1060 1390 1146 1460 cujus
1158 1393 1335 1462 tesponsam
1346 1391 1445 1448 fateris
1453 1391 1484 1446 in
1493 1390 1647 1462 ternacius
1656 1386 1840 1462 amplexibus

99 1544 103 1551 ²
136 1471 284 1526 credimus
299 1475 328 1527 ct
342 1473 480 1541 fatemur,
497 1474 590 1530 Deum
605 1492 673 1531 vcro
685 1476 781 1533 solum
793 1480 964 1535 creatorem.
1017 1476 1128 1550 perfrui
1144 1478 1282 1534 merearis
1296 1478 1325 1533 in
1342 1479 1462 1551 perenni
1477 1478 1579 1552 gloria.
1595 1500 1609 1529 u

137 1557 244 1614 Filium
260 1576 376 1632 quoque
391 1561 440 1617 Dei
457 1562 606 1618 credimus
622 1563 653 1618 in
673 1564 842 1622 novissimis
853 1570 964 1641 tempo·
1054 1565 1099 1619 10.
1115 1564 1166 1620 llis
1182 1564 1268 1622 dictis
1278 1565 1375 1623 velum
1387 1567 1491 1640 capitis
1501 1585 1534 1623 ac
1549 1565 1661 1640 reliqua
1671 1566 1843 1624 indumenta

137 1645 221 1702 ribus
237 1653 409 1721 conceptum
426 1666 489 1707 esse
505 1651 541 1707 de
556 1651 668 1724 Spiritu
683 1657 785 1711 sancto
810 1657 840 1710 ct
862 1658 964 1711 natum
1018 1652 1049 1709 in
1064 1652 1230 1710 humilitate
1243 1655 1408 1711 castitatem
1425 1656 1522 1712 cordis
1536 1659 1565 1711 et
1579 1654 1708 1728 eorporis
1727 1671 1759 1713 se
1773 1672 1842 1713 oon·

139 1751 173 1791 ex
185 1736 278 1791 illaria
293 1737 415 1810 virgine,
433 1756 609 1812 carnemque
637 1745 748 1798 nature
773 1743 908 1800 humanm
933 1747 962 1799 et
1020 1744 1167 1814 temptum
1179 1742 1281 1797 mundi
1293 1742 1490 1817 significantia
1501 1748 1736 1817 superscnctum
1753 1744 1844 1801 altore

139 1824 270 1881 animam
285 1828 461 1899 suscepisse.
478 1829 510 1884 ln
527 1846 585 1901 qua
600 1848 686 1887 earne
699 1832 870 1888 crucifixum
882 1839 910 1890 et
920 1853 963 1892 so·
1019 1830 1182 1902 composita
1197 1835 1316 1886 sanctus
1340 1850 1417 1906 papa
1432 1833 1468 1905 (2)
1484 1833 1642 1900 benedixit,
1660 1850 1747 1905 atque
1763 1850 1844 1889 moro

140 1912 257 1985 pultum
272 1931 306 1972 ac
321 1917 514 1975 resurrexisse
529 1936 547 1974 a
562 1920 686 1976 mortuis
702 1921 849 1979 eredimus
875 1929 904 1981 et
927 1924 966 1979 fa·
1019 1922 1120 1975 sancte
1136 1935 1311 1975 consecrans
1326 1921 1419 1976 offusa
1434 1920 1634 1977 bencdictione
1649 1938 1714 1977 cam
1729 1921 1843 1979 Christo

140 2004 248 2071 temer,
259 2006 289 2059 et
302 2005 331 2060 in
348 2006 449 2061 eadem
465 2005 634 2080 ipsacarne,
647 2009 714 2065 lieet
725 2009 845 2067 alterius
855 2011 963 2085 gloria,
1019 2005 1205 2074 servituram,
1222 2011 1255 2062 ut
1271 2013 1453 2080 poposcerat,
1466 2010 1534 2079 jure
1549 2009 1704 2066 dedicavit.
1720 2010 1756 2065 Et
1779 2027 1846 2066 con·

143 2095 210 2163 post
233 2094 475 2151 resurrectionem
501 2096 669 2153 ascendisse
693 2098 722 2152 in
747 2098 863 2169 omium,
889 2102 966 2158 undo
1019 2112 1121 2153 versus
1136 2096 1172 2151 ad
1189 2096 1347 2152 Dominum
1371 2101 1400 2152 ct
1423 2115 1546 2154 exorans
1568 2098 1664 2154 dixit:
1683 2098 1843 2173 «Respice,

139 2179 270 2251 judicem
286 2188 442 2239 venturum
458 2189 663 2258 exspectamus
681 2187 813 2244 rivorum
837 2193 866 2246 et
889 2207 966 2247 rnor-
1021 2182 1154 2253 bomine,
1164 2201 1254 2257 super
1268 2184 1344 2241 hanc
1360 2185 1501 2242 famulam
1517 2190 1610 2255 tuam,
1625 2192 1659 2242 ut
1672 2192 1779 2244 saneta
1792 2187 1847 2243 vir

141 2273 271 2327 tuorum.
289 2271 391 2328 Carnis
406 2290 523 2346 quoque
544 2278 650 2331 nostru
666 2277 908 2334 resurrectionem
924 2279 966 2336 su·
1021 2270 1154 2349 ginitatis
1169 2272 1444 2348 propositum‚quod
1455 2278 1483 2332 te
1493 2274 1656 2349 inspirante
1666 2278 1806 2351 suscepit,
1817 2282 1846 2334 to

56 2362 59 2367 '
142 2362 241 2415 temur
265 2360 409 2434 integram
434 2366 521 2436 atque
546 2363 715 2435 perfectam,
745 2365 775 2420 in
803 2383 862 2439 qua
889 2384 968 2424 nunc
1023 2363 1205 2437 gubernante
1219 2363 1376 2419 custodiat.
1393 2364 1437 2421 Sit
1451 2362 1481 2419 in
1501 2381 1545 2432 ea,
1562 2364 1695 2433 Domine,
1720 2382 1772 2440 per
1795 2367 1846 2422 do·

144 2448 271 2507 vivimus
285 2452 314 2505 et
327 2466 479 2508 movemur
501 2453 531 2508 in
552 2452 687 2525 presenti
708 2454 777 2522 vita,
798 2461 827 2511 ct
851 2456 880 2510 in
905 2457 970 2530 ipss
1024 2468 1096 2508 num
1107 2451 1234 2524 Spiritus
1244 2451 1287 2508 tui
1297 2453 1427 2525 prudens
1448 2453 1601 2521 modestia,
1617 2454 1715 2527 gravis
1731 2454 1845 2522 lenitas,

147 2542 198 2593 aut
213 2555 265 2611 pro
280 2538 365 2595 benis
381 2541 495 2597 actibus
519 2541 658 2614 consequi
679 2543 823 2600 bonerum
839 2546 969 2618 prumia,
1024 2543 1107 2595 casta
1128 2538 1387 2594 libertastferveot
1406 2539 1436 2593 in
1457 2538 1608 2607 charitate,
1625 2545 1653 2595 ct
1675 2540 1747 2597 nihil
1767 2547 1847 2598 extra

146 2630 198 2683 nut
212 2642 264 2698 pru
279 2626 366 2683 mulis
379 2629 524 2687 sustineus
538 2646 690 2702 poensrum
706 2632 860 2705 supplicis,
877 2634 970 2691 poenj.
1024 2632 1054 2685 tc
1068 2624 1180 2699 diligat.
1204 2624 1403 2680 Laudabiliter
1424 2625 1518 2681 vivere
1543 2627 1669 2695 studeat,
1686 2633 1715 2683 et
1733 2628 1846 2685 laudari

148 2715 270 2771 tentiam
286 2720 472 2787 peccatorum
488 2718 661 2790 plenissima
673 2719 730 2776 fide
745 2721 925 2799 profitemur,
938 2739 971 2779 ao
1025 2731 1083 2772 non
1099 2715 1227 2785 appetat.
1253 2713 1293 2768 Tc
1317 2712 1446 2768 timendo
1467 2729 1557 2785 super
1580 2714 1679 2770 omnia
1704 2720 1792 2784 amet,
1818 2722 1847 2772 et

148 2802 229 2859 velut
241 2804 401 2860 secundam
426 2806 552 2878 gratiam
579 2808 768 2882 suscipimus,
784 2811 869 2881 juxta
893 2812 971 2884 quod
1025 2800 1151 2860 &mand0
1166 2799 1196 2855 51¹
1211 2799 1349 2857 Omnibus
1364 2805 1393 2857 lt
1408 2800 1518 2857 fimeti-
1535 2803 1579 2858 TU
1595 2802 1631 2871 ⁰5»
1648 2803 1781 2873 DOmisser
1806 2803 1847 2860 ³1⁸

148 2891 306 2965 Apostolus
322 2891 393 2948 dicit
407 2894 444 2949 ad
458 2894 624 2952 Corinthios
641 2913 648 2952 :
666 2897 744 2954 Volci
750 2915 855 2970 percos
868 2902 971 2965 vestire,
1025 2889 1177 2965 gaudium·
1187 2892 1218 2944 ²¹¹
1231 2888 1261 2944 in
1271 2906 1395 2946 mmmm
1405 2889 1555 2959 wallum,
1568 2897 1599 2946 lu
1611 2890 1641 2947 iss
1656 2892 1848 2967 ambiguitate

147 2979 340 3037 moerendum
352 2984 472 3054 pretium
491 2983 625 3042 bubastis
651 2985 688 3057 (ff
710 2986 770 3044 Cor.
795 2988 826 3058 ι).
852 2987 903 3044 Hic
927 2991 972 3043 ost
1026 2976 1192 3034 consilium.
1209 2977 1242 3032 ln
1258 2977 1368 3049 injurio
1391 2978 1432 3034 sis
1457 2977 1597 3046 defensio,
1624 2979 1653 3034 in
1680 2985 1850 3053 paupertate

150 3069 217 3125 fidei
232 3072 336 3125 nostre
348 3068 505 3128 thesaurus
516 3089 602 3144 quem
617 3074 766 3147 signatum
777 3074 971 3131 ecclesiastico
1027 3066 1217 3133 flblffldssnllss,
1233 3066 1263 3121 in
1275 3066 1389 3137 10]ϋῦῘο
1405 3066 1498 3135 cibus,
1523 3067 1552 3123 in
1577 3067 1747 3125 infirmitate
1762 3070 1851 3126 medi·

151 3156 283 3230 symbulo
298 3159 491 3227 custodimus,
509 3162 586 3234 quod
601 3161 631 3217 in
647 3162 821 3235 baptismam
845 3140 1008 3237 suseepti]
1026 3152 1187 3221 cina.0uod
1203 3157 1248 3209 est
1263 3154 1394 3226 professa
1409 3156 1563 3223 custodiat,
1590 3161 1623 3211 ut
1646 3156 1759 3213 hostem
1775 3159 1850 3213 unti-

150 3263 228 3303 mus.
249 3246 295 3302 Sic
320 3264 418 3303 eoram
447 3249 505 3305 Deo
529 3251 615 3306 eorde
638 3251 796 3318 credimus,
813 3250 855 3307 sie
875 3268 971 3309 coram
1028 3260 1121 3316 quum
1134 3242 1276 3309 devincti,
1294 3247 1323 3298 Ol
1337 3243 1474 3298 vitiorum
1490 3244 1591 3300 ⁸0rd⁰³
1611 3250 1761 3318 θΧΡῦΓΒθῐ,
1778 3264 1850 3319 11⁰⁰·

152 3337 289 3391 om'nibus
305 3335 477 3393 hominibus
492 3354 542 3394 ore
557 3339 740 3404 eonfitemur,
758 3345 789 3393 ut
804 3339 973 3398 hominibus
1027 3336 1114 3390 tenus
1129 3332 1288 3388 centesimi
1303 3332 1401 3387 fructu
1411 3349 1478 3388 cum
1494 3334 1596 3388 de⁰⁰P⁰
1605 3334 1740 3406 virginali
1754 3353 1787 3391 ac
1797 3337 1852 3391 vir·

144 3425 240 3492 lfidum
254 3442 308 3480 suu
323 3425 449 3498 coguitis
465 3426 561 3495 fusius,
587 3431 615 3482 su
638 3425 735 3501 imsg0
751 3445 805 3484 sua
825 3429 883 3485 000
897 3431 976 3487 sessi.
1027 3426 1127 3477 tutum
1142 3420 1329 3493 lampadibus
1342 3426 1506 3490 exornetur,
1523 3423 1602 3478 etad
1619 3422 1777 3480 electarum
1793 3424 1850 3480 vir-

152 3513 284 3569 monium
301 3515 413 3570 reddat.
430 3537 444 3564 n
1029 3510 1131 3583 ςιιιιιιιι
1148 3510 1329 3566 consortium
1350 3511 1500 3582 pervenire
1517 3516 1673 3567 mereatur.
1689 3535 1703 3564 ι
1720 3512 1852 3585 Cumque

186 3602 213 3657 9.
228 3603 293 3658 Huc
308 3608 336 3658 ct
353 3602 409 3658 alia
424 3602 595 3674 hujusmodi
619 3603 776 3660 innumera
795 3606 974 3664 fidei'sacra·
1030 3598 1376 3672 ⁰m1¹⁰⁸f0⁸l³0¹1dl850nlr
1392 3599 1487 3668 Amen,
1512 3604 1632 3657 sancius
1656 3601 1778 3658 antistes
1803 3602 1852 3657 dt·

151 3694 251 3748 menta
266 3691 362 3764 polam
376 3691 513 3747 omnibus
528 3691 673 3765 replicans
689 3693 881 3766 lluncgundis
895 3700 976 3771 virgo
1030 3688 1167 3746 osculans
1181 3694 1270 3762 caput
1283 3693 1389 3744 sancta
1404 3688 1526 3762 virginis
1548 3690 1723 3764 Hungundis
1739 3689 1853 3745 dimisit

150 3779 761 3848 devotissima,anribusastantiumsalubre
768 3786 976 3843 commercium
1031 3794 1096 3835 eam
1112 3776 1142 3833 in
1158 3793 1238 3849 paee.

152 3868 478 3944 prestitit,etfaucibus
502 3869 641 3945 virgineis
665 3871 792 3944 optabile
815 3873 978 3931 silentium.
1068 3867 1112 3921 11·
1130 3866 1194 3922 Ηωθ
1208 3865 1331 3922 audiens
1345 3865 1505 3933 Eudamus,
1529 3867 1578 3937 qui
1603 3866 1716 3938 pridem
1736 3872 1856 3924 vocatus

153 3959 236 4016 Tunc
248 3957 422 4015 venerabilis
437 3959 567 4031 pontifex
580 3976 705 4016 summe
721 3961 799 4018 sedis
814 3962 978 4035 apostolicas
1033 3956 1127 4011 suerat
1142 3970 1281 4026 ὃρῡῦθῑιθ,
1296 3969 1364 4009 cum
1374 3953 1558 4027 cognovisset
1572 3970 1603 4009 ³0
1618 3958 1819 4028 contemptum
1840 3976 1857 4013 ιι

153 4050 277 4118 ruptsns
300 4062 358 4101 suu
385 4062 489 4104 suusrs
513 4046 674 4116 hominum,
691 4049 743 4105 ssd
758 4050 857 4123 pssius
876 4050 981 4107 jussui.
1032 4041 1144 4116 virgine
1157 4042 1327 4115 indignatus
1342 4045 1388 4098 est
1402 4041 1511 4112 animo,
1536 4046 1566 4098 ct
1590 4042 1704 4099 cunctis
1720 4044 1858 4100 sensibus

153 4147 225 4207 gens
240 4139 376 4191 sanctum
392 4151 529 4192 resonare
543 4135 684 4209 Spiritum
705 4138 794 4194 castis
813 4137 844 4194 in
858 4137 980 4195 visceri-
1033 4131 1145 4189 anxiari
1157 4131 1255 4204 coepit,
1271 4130 1388 4188 volvens
1403 4130 1433 4186 in
1449 4130 1547 4187 animo
1567 4147 1635 4187 cum
1648 4132 1740 4188 nimia
1753 4137 1857 4189 astun-

153 4222 221 4290 bus,
236 4239 335 4280 coram
351 4222 465 4280 cunctis
477 4223 519 4280 ita
534 4224 632 4281 fatur:
650 4248 665 4276 n
680 4226 837 4283 Benedicta
850 4226 981 4284 ssliutus
1033 4223 1113 4278 tione
1138 4224 1172 4277 ut
1194 4237 1258 4278 eam
1282 4220 1380 4294 gladio
1403 4220 1661 4277 transverberaret.
1679 4221 1733 4277 Sed
1752 4221 1858 4279 timens

154 4311 279 4368 Domino
306 4312 365 4369 Deo
386 4313 658 4387 exercituumque
683 4315 712 4371 in
735 4319 892 4373 tuamente
907 4333 982 4390 pura
1034 4311 1181 4367 incurrero
1204 4308 1365 4383 perieulum
1388 4308 1549 4378 homicidii,
1565 4309 1744 4382 territusque
1759 4311 1858 4367 audita

150 4401 319 4473 jucundum
330 4401 388 4458 Deo
399 4400 569 4475 preparasti
579 4401 859 4461 habitaculumNon
868 4409 982 4477 oportet
1034 4397 1181 4456 sententia
1194 4397 1339 4453 sermonis
1352 4395 1505 4470 apostolici
1515 4413 1604 4470 quam
1621 4397 1859 4470 retulimus,quia

155 4493 225 4563 eigo
250 4495 386 4547 sanctum
411 4489 578 4548 contristari
598 4490 751 4564 Spiritum,
782 4494 869 4565 eujus
897 4510 981 4551 mens
994 4509 1020 4576 D
1034 4491 1219 4561 nonoportet
1241 4489 1377 4542 sanctum
1403 4485 1570 4543 contristari
1595 4485 1747 4559 Spiritum,
1773 4489 1858 4560 cujus

154 4578 264 4651 pudica
287 4577 417 4635 creditur
439 4594 505 4635 csse
529 4580 703 4637 sacrarium.
728 4582 886 4654 Apostolus
901 4583 980 4639 enim
1034 4575 1229 4649 sanctovirgo
1254 4578 1317 4632 erat
1340 4573 1533 4643 domicilium,
1555 4574 1642 4646 juxta
1657 4574 1738 4630 Pauli
1757 4592 1856 4631 vocem

155 4664 237 4734 dicit,
262 4666 333 4739 quis
356 4670 436 4724 caste
457 4666 586 4724 viventes
613 4668 724 4742 templa
751 4674 823 4727 sunt
852 4671 979 4745 Spiritus
1035 4666 1085 4722 ubi
1102 4663 1264 4736 dicitquod
1279 4666 1359 4719 caste
1372 4662 1501 4718 viventes
1515 4661 1626 4735 templa
1641 4668 1711 4718 sunt
1729 4663 1857 4736 Spiritus

156 4753 251 4810 sancti
267 4754 291 4828 (l
304 4754 364 4812 for.
385 4755 446 4827 sir),
471 4760 500 4811 et
524 4754 589 4813 ideo
619 4756 756 4830 quisquis
770 4759 913 4831 templum
928 4759 979 4816 Dei
1035 4754 1130 4811 sancti
1146 4754 1169 4826 (l
1184 4752 1245 4809 Cor.
1261 4751 1303 4825 ιιι)
1318 4767 1325 4807 z
1342 4751 1466 4823 ideoque
1480 4750 1617 4824 quisquis
1639 4749 1783 4824 templum
1806 4752 1874 4808 Dei.

154 4841 305 4901 violaverit
316 4844 466 4918 disperdet
488 4842 573 4901 illum
596 4849 683 4902 Deus.
709 4844 834 4904 Multum
848 4847 937 4904 estin
952 4852 980 4905 tc
1035 4842 1142 4899 violare
1154 4840 1318 4909 tentaverit,
1334 4839 1483 4914 disperdet
1496 4838 1580 4897 illum
1596 4840 1858 4912 Deus,poenitentia

154 4934 339 4991 venerandus
350 4933 399 4990 ille
414 4932 726 5007 artifexsummus‚qui
737 4937 982 5009 operaturomnia
1035 4935 1142 4989 ductus
1157 4947 1215 4987 non
1225 4934 1270 4987 est
1278 4945 1344 4986 cam
1357 4944 1448 4987 ausus
1458 4929 1625 5003 contingere
1633 4929 1858 4987 diutiusMissis

155 5018 188 5076 in
200 5022 347 5091 omnibus,
364 5022 496 5079 dividens
511 5021 636 5094 singulis
651 5028 738 5096 prout
752 5024 825 5081 vult.
834 5024 887 5081 llio
899 5026 981 5098 virgo
1035 5021 1135 5094 itaque
1145 5019 1402 5088 nuntiis,sanctam
1414 5017 1556 5091 virginem
1567 5016 1676 5088 sprevit
1686 5018 1858 5074 aconsortio

157 5115 250 5179 casta,
266 5111 311 5166 eia
327 5128 410 5167 mens
426 5111 542 5183 pudiea,
554 5112 672 5184 suscipe
682 5113 860 5184 quodamori
872 5118 980 5170 sterno
1034 5115 1064 5167 et
1078 5128 1096 5166 a
1111 5109 1251 5167 comitatu
1266 5125 1326 5164 sum
1341 5107 1524 5175 reversionis,
1541 5104 1749 5176 derelinquens
1775 5104 1856 5162 illam

156 5198 308 5271 proficiat;
324 5198 422 5255 oblata
431 5198 539 5255 etenim
549 5200 602 5256 tibi
615 5201 702 5256 avire
715 5200 914 5274 corruptibilis
925 5202 980 5257 sub
1035 5198 1127 5255 solam
1143 5200 1189 5254 via
1204 5198 1331 5270 publicu,
1343 5202 1372 5254 ct
1385 5194 1561 5253 subtrahens
1571 5193 1614 5249 illi
1625 5193 1725 5249 omnio
1735 5194 1771 5249 ad
1784 5193 1857 5250 tnnti

156 5287 253 5361 specie
268 5287 385 5361 pictatis
400 5288 576 5343 munuscula
586 5288 733 5361 projecisti
750 5306 757 5345 :
774 5289 890 5363 suscipe
902 5306 980 5345 nunc
1034 5287 1147 5343 itineris
1162 5286 1335 5344 necessaria.
1354 5285 1469 5371 Privata
1485 5282 1565 5358 virgo
1587 5281 1716 5338 humano
1740 5281 1856 5350 solatio,

191 5410 979 5485 (2)ltlartinumldesignatEcclesiaSan-Quintinensis
1033 5415 1163 5543 {undem
1177 5413 1213 5470 de
1228 5410 1404 5469 sacrofonte
1424 5400 1571 5466 levaverit.
1594 5409 1668 5464 Ante
1693 5407 1772 5464 enim
1795 5406 1857 5463 sedi

154 5480 186 5538 in
201 5483 325 5540 lectione
347 5482 615 5548 lltreviarii.0uod
627 5485 746 5557 quidem
764 5490 909 5542 stercnon
925 5501 978 5558 po·
1059 5485 1218 5542 eviomensi
1242 5482 1358 5557 prefuit
1378 5480 1488 5555 Sligius
1512 5496 1601 5554 quam
1629 5480 1773 5537 Martinus
1800 5478 1857 5538 Ro·

153 5555 232 5625 terit,
250 5554 306 5611 nisi
320 5554 430 5631 litigius
439 5555 614 5629 priusquam
624 5558 866 5632 essetepiscopus
881 5556 978 5615 Hune·
1036 5573 1140 5615 mana.
