3908 6082
94 308 98 317 '
143 301 202 364 235
575 306 738 371 JOANNIS
760 307 925 370 anseris
948 308 981 368 S.
1005 308 1174 372 annueri
1198 307 1407 373 barensis.
1766 313 1853 372 ese,

141 436 203 493 viro
213 436 347 511 religioso
356 441 523 513 presbytero
531 441 683 513 Angelerio
691 443 727 498 ad
738 442 891 497 ecclesiam
903 459 967 497 san·
980 442 1007 509 Α
1021 442 1172 498 sistentem
1188 446 1216 498 et
1232 459 1298 498 cum
1315 445 1442 514 quodam
1459 442 1581 515 imperio
1588 442 1692 514 jubere
1704 448 1735 499 ut
1745 461 1846 518 surge-

144 525 182 582 cti
199 526 357 583 Salvoteris
372 527 402 584 in
418 530 519 584 eadem
535 530 606 584 rrrbc
622 547 673 601 pro
689 529 820 601 reliquiis
844 548 965 586 munere
1019 535 1071 597 ret,
1083 535 1111 585 ct
1126 530 1172 586 bis
1188 532 1238 603 qui
1249 537 1319 587 tuuc
1336 532 1407 585 lbrte
1423 531 1587 603 parimento
1603 530 1762 599 instabant,
1775 551 1843 606 ope-

144 615 236 683 misit,
252 633 303 672 ras
319 618 415 688 ipsum
431 634 497 673 eum
514 617 626 689 reliqua
641 624 722 690 parm
747 620 854 692 petenti
880 620 963 676 socie
1019 624 1097 674 rato'r
1113 620 1174 693 ipse
1185 621 1422 693 conjungeretur,
1433 619 1673 692 raptisqueipsnm
1684 621 1844 692 perficiari-

143 703 255 770 tribait,
273 710 300 759 rt
315 705 439 760 oratorio
455 724 544 778 supra
558 707 636 763 dicto
652 709 689 762 ab
701 708 763 779 ipsa
775 714 819 763 est
835 710 966 781 ‹leporta-
1014 708 1140 779 juraret.
1158 709 1264 765 Statim
1290 713 1485 780 experrectus,
1502 714 1530 762 et
1553 708 1626 764 nibil
1653 709 1782 782 pristiam
1799 712 1844 766 de·

134 795 217 846 tum.
236 791 300 847 Mox
322 793 386 864 ipsa
400 799 500 851 eustos
517 798 672 852 temeraria
687 815 740 870 pra
754 803 812 853 tarn
831 798 963 871 improbo
1018 795 1138 852 bilitatis
1164 797 1192 852 in
1217 816 1248 853 sc
1272 815 1495 869 recognoscens,
1512 797 1595 852 latus
1621 797 1737 866 exsiliit,
1759 803 1789 854 et
1814 804 1846 855 ut

141 896 215 938 ausu
231 883 360 938 amentia
375 900 405 940 se
418 886 490 941 satis
506 886 595 959 digna
614 905 700 960 poenn
723 888 893 961 corripitur;
911 906 963 944 noc
1013 885 1118 957 jussus
1128 886 1230 954 luerat,
1242 885 1416 941 mirantibus
1428 885 1614 941 universisad
1625 903 1699 958 opus
1709 891 1843 958 accessit,

141 969 223 1042 prius
238 970 383 1028 medelam
395 975 534 1048 consequi
550 976 653 1047 potuit,
666 993 755 1049 quam
770 994 804 1033 ex
820 978 962 1051 utrisque,
1017 974 1157 1048 nulloque
1173 975 1291 1049 segnior
1307 975 1336 1030 in
1353 975 1500 1048 operando
1512 974 1658 1047 apparuit,
1669 975 1766 1032 sciens
1776 994 1844 1050 pro-

141 1057 249 1131 quibus
265 1058 381 1134 largitio
394 1061 445 1119 illa
459 1062 559 1137 inepta
571 1065 761 1134 lueratfacta,
775 1068 851 1138 quod
863 1067 963 1123 illicite
1018 1063 1092 1119 lecto
1109 1063 1310 1120 beatissimam
1326 1063 1469 1137 virginem
1486 1064 1683 1121 desideratam
1698 1065 1754 1122 sibi
1770 1083 1843 1139 pre·

141 1146 244 1204 datum
259 1153 333 1217 erat,
348 1151 535 1224 reciperetur,
551 1158 579 1209 et
595 1153 656 1210 loco
679 1173 732 1211 suo
754 1172 842 1228 super
865 1157 962 1230 sepul·
1017 1151 1127 1208 stitisse
1144 1151 1281 1209 salutem.

141 1250 235 1305 crum,
251 1241 284 1294 ut
297 1239 389 1311 prius,
406 1239 518 1313 integre
533 1248 737 1315 reponeretur:
756 1261 824 1300 nam
849 1262 915 1302 mon
931 1251 963 1303 ui
1052 1241 1097 1296 36.
1112 1241 1280 1314 adelburga
1304 1239 1411 1296 mulier
1432 1240 1593 1309 dicebatur,
1611 1258 1660 1297 ore
1676 1246 1705 1298 et
1720 1243 1842 1300 naribus

47 1330 51 1338 '
142 1325 171 1381 id
188 1325 364 1397 factumest,
380 1329 535 1401 viaspatio
550 1330 826 1390 duarumhorarum
843 1334 963 1390 interce·
1016 1328 1144 1402 plurimo
1160 1329 1303 1403 sanguine
1323 1329 1424 1385 diutus
1449 1330 1552 1399 linens,
1565 1329 1628 1402 jam
1645 1330 1674 1386 in
1691 1329 1755 1404 ipso
1776 1331 1842 1387 titre

141 1412 228 1470 dente
243 1432 320 1472 sana
335 1419 442 1473 mentis
458 1421 486 1474 et
500 1418 662 1490 plenissimi
679 1438 784 1479 sensus
795 1423 897 1480 effecta
907 1429 960 1480 est.
1016 1434 1106 1492 agens
1116 1418 1296 1488 discrimine,
1307 1435 1374 1474 cum
1386 1417 1459 1474 nibil
1475 1419 1672 1491 undecunque
1682 1420 1708 1476 ei
1720 1421 1841 1476 remedii

141 1501 181 1558 lla
196 1503 297 1560 eodem
314 1509 424 1577 postea,
442 1509 474 1561 ut
489 1505 665 1576 dictumest,
680 1508 742 1565 oleo
754 1509 853 1583 plures
863 1517 960 1584 caput,
979 1515 982 1521 ’
1016 1513 1115 1578 posset
1129 1523 1290 1564 occurrere.
1308 1508 1391 1563 Forte
1402 1508 1464 1565 dies
1481 1507 1632 1564 natalitius
1647 1508 1841 1567 sanctissime

141 1590 241 1648 oculos
255 1590 300 1649 vel
315 1598 418 1649 catera
432 1592 495 1650 loca
509 1597 638 1667 corporis
659 1597 790 1655 dolentes
806 1600 876 1654 dum
893 1617 960 1657 con·
1015 1594 1136 1668 virginis
1145 1596 1173 1651 in
1184 1595 1345 1652 crastinum
1357 1595 1545 1664 imminebat3
1559 1613 1641 1669 spem
1651 1596 1727 1654 illice
1737 1597 1842 1655 salutis

139 1677 295 1753 tingerent,
312 1681 426 1738 meritis
440 1688 547 1739 sancta
561 1684 683 1758 virginis
699 1688 859 1760 saepissime
875 1706 906 1746 se
921 1707 963 1746 re·
1016 1700 1049 1739 ex
1063 1683 1159 1740 divino
1175 1701 1356 1758 presumens
1371 1684 1485 1754 solatio,
1503 1685 1741 1759 candelamque
1758 1692 1842 1744 nocte

140 1774 253 1826 creatos
268 1773 297 1825 et
312 1771 437 1842 perfecte
453 1779 607 1829 senserant
622 1779 747 1832 curatos.
1015 1771 1180 1846 vigiliarum
1195 1772 1289 1846 ipsius
1305 1774 1499 1831 solemnitatis
1516 1779 1583 1830 ante
1597 1792 1680 1831 aram
1705 1782 1838 1833 sanctam

175 1858 220 1914 32.
235 1857 327 1915 Multa
341 1864 480 1931 preterea
494 1861 675 1933 temporibus
685 1865 817 1935 ejusdem
830 1866 960 1923 botberti
1015 1859 1115 1918 lumen
1131 1863 1282 1935 preberet,
1298 1867 1364 1918 roto
1380 1862 1502 1937 propriae
1515 1863 1840 1921 sanitatisdirexit.llox

139 1945 279 2018 episcopi,
295 1964 348 2003 nee
363 1949 487 2017 minora,
503 1950 704 2022 superioribus
718 1953 754 2007 ad
770 1954 846 2009 idem
862 1972 960 2011 sacro·
1015 1967 1050 2006 ca
1064 1950 1176 2022 perlata
1191 1956 1321 2024 optatam
1339 1951 1452 2007 Christo
1469 1969 1520 2025 per
1537 1956 1670 2008 sanctam
1696 1952 1839 2026 virginem

140 2036 962 2118 sanetumsepulerumbominustesusChristusestope-
1015 2039 1840 2113 operantesetutemnromeruitSimilimodovirquidam

139 2125 343 2199 raridignatus
354 2127 505 2196 miracula,
515 2128 856 2204 exquibussubscquens
868 2135 960 2207 stylus
1015 2143 1049 2183 ex
1064 2127 1131 2184 villa
1146 2127 1303 2198 raciliam,
1320 2129 1437 2184 nomine
1453 2128 1602 2198 llilleicus,
1614 2130 1727 2187 habens
1742 2130 1839 2187 alium

139 2216 273 2288 expedire
288 2216 386 2290 aliqua
401 2217 525 2273 tentabit
541 2234 573 2274 eo
598 2220 739 2287 securius,
757 2238 814 2292 quo
840 2222 959 2293 multos,
1015 2215 1139 2274 debilem
1155 2221 1183 2274 et
1199 2217 1338 2274 membris
1354 2218 1492 2273 omnibus
1503 2218 1648 2288 inutilem,
1660 2225 1760 2276 votum
1770 2237 1838 2276 san·

139 2306 189 2378 qui
205 2305 251 2362 bis
266 2304 470 2375 interfuerunt,
487 2310 587 2363 nostra
597 2313 679 2364 atate
690 2311 870 2381 superfuisse
881 2318 959 2368 certo
1014 2310 1065 2362 ele
1088 2307 1225 2362 candelas
1251 2306 1334 2363 altari
1360 2306 1453 2379 ipsius
1479 2307 1587 2376 intulit,
1606 2325 1639 2364 ae
1665 2325 1717 2380 pro
1742 2316 1776 2365 eo
1797 2310 1839 2366 ibi

139 2395 345 2468 comperimus,
354 2412 427 2467 quos
438 2395 468 2450 in
478 2396 615 2452 idoneum
627 2398 830 2455 testimonium
842 2401 961 2458 advoca·
1014 2412 1130 2467 precem
1145 2396 1324 2469 profundens
1341 2397 1461 2452 domum
1478 2413 1611 2454 reversus
1621 2397 1732 2453 invenit
1743 2398 1838 2455 filium

138 2488 184 2541 tos
199 2500 284 2541 nemo
299 2488 343 2541 cst
358 2483 408 2556 qui
426 2483 520 2556 possit
544 2484 682 2540 retollere.
700 2487 739 2542 Ea
755 2487 819 2559 ipsa
843 2505 959 2562 qnoque
1014 2501 1129 2540 sanum,
1147 2484 1221 2552 Quid
1237 2485 1345 2542 femina
1360 2484 1420 2552 illa,
1438 2502 1502 2557 quae
1519 2485 1568 2542 diu
1589 2491 1747 2552 contracta,
1765 2487 1838 2545 dnm
1900 2484 1906 2497 '

137 2577 304 2629 curatorum
320 2573 406 2629 turba
420 2572 553 2630 nonnulli
568 2573 628 2630 hac
639 2575 703 2648 ipsa
714 2580 814 2633 nostru
830 2583 960 2651 tempora
1013 2577 1079 2629 vote
1103 2572 1152 2630 illo
1175 2574 1327 2629 candelam
1354 2573 1493 2645 misisset,
1509 2574 1682 2648 pr³nsquam
1709 2574 1839 2635 eeclesia

137 2662 308 2736 attigerunt.
1013 2660 1136 2718 candela
1145 2661 1210 2733 ipsa
1218 2661 1474 2729 intromitteretur,
1488 2662 1647 2735 perfectam
1659 2662 1785 2720 emeruit
1794 2681 1840 2722 so-

172 2751 217 2808 33.
235 2751 349 2820 blulier,
365 2751 411 2807 cui
422 2750 582 2826 llildigardi
598 2769 704 2809 nomen
720 2757 958 2824 eratannisoetr)
1012 2748 1228 2822 spllstlssfflllffl0
1238 2749 1347 2806 ffllllss
1363 2749 1551 2806 COlUfflbflflfl
1560 2751 1623 2820 full,
1634 2755 1662 2806 Gi
1669 2768 1722 2823 1³⁰r
1742 2756 1838 2811 mlum

136 2841 288 2898 oculorum
304 2841 369 2898 luce
383 2843 505 2913 privata,
521 2859 572 2914 spe
587 2859 645 2899 non
661 2860 755 2913 cassa,
772 2845 957 2903 salutiferum
1012 2838 1839 2914 estivamtempusitatanguidcmembrisomnibuspene

135 2930 302 3004 sepulcrum
312 2930 441 3001 expetiit.
451 2930 493 2987 lbi
502 2937 586 2987 nocte
596 2931 624 2987 in
634 2932 763 2988 excubiis
771 2950 955 3005 permanens,
1011 2932 1203 2998 emarcuerat,
1220 2933 1253 2983 ut
1268 2945 1320 2984 nee
1335 2944 1470 3000 gressum
1488 2929 1586 3002 figere,
1601 2945 1653 2984 uec
1664 2928 1722 2984 nisi
1732 2929 1837 2989 alienis

134 3023 293 3091 autequam
309 3018 510 3088 dilucesceret,
526 3019 714 3077 miseratione
730 3021 826 3078 divina
845 3023 957 3097 virgine
1011 3018 1149 3074 menibus
1164 3016 1272 3074 valeret
1286 3017 1392 3073 efferri·
1408 3016 1544 3073 Alienon
1561 3017 1672 3090 dispari
1687 3018 1774 3074 modo
1784 3019 1836 3074 diu

134 3106 341 3175 intercedente,
358 3104 431 3161 nibil
447 3107 541 3163 noetis
558 3107 742 3165 obstantibus
757 3112 956 3180 naamanin.
1010 3104 1670 3173 debilisctolaudadecumbens,adecclesiam
1682 3107 1833 3179 perducta,

134 3193 213 3252 minc
227 3211 300 3269 puro
314 3195 421 3252 donata
436 3199 489 3252 est.
508 3195 579 3252 Item
590 3196 760 3255 adolescens
771 3202 954 3268 secusdum
970 3182 991 3251 C
1011 3194 1123 3267 integre
1138 3193 1178 3250 ibi
1193 3197 1239 3250 est
1253 3199 1363 3250 sanate

133 3282 305 3358 aliquandiu
319 3284 397 3341 inira
411 3282 563 3341 basilicam
578 3285 777 3343 visitationem
796 3305 954 3361 supernam
1043 3285 1088 3340 37.
1103 3282 1230 3338 audiant
1244 3282 1322 3339 aliud
1339 3283 1442 3338 divina
1464 3282 1726 3340 animadversionis
1741 3284 1835 3341 docu-

132 3377 321 3447 exspectarct,
336 3373 450 3431 meritis
463 3372 583 3446 virginis
593 3374 689 3431 visum
699 3376 824 3448 periente
834 3379 952 3451 recepit.
1008 3377 1140 3429 mentum
1156 3370 1197 3440 bi,
1214 3371 1264 3443 <iul
1280 3388 1315 3428 8¹1
1334 3388 1398 3443 ‘1⁰³³
1421 3370 1510 3427 semel
1537 3370 1661 3428 D⁰ml11⁰
1683 3378 1833 3441 V⁰V0ri¹¹b

132 3462 262 3528 Femina,
278 3462 397 3519 nomine
412 3462 478 3531 Osa,
496 3463 696 3536 quinquennio
711 3464 825 3534 clauda,
840 3466 909 3523 illue
922 3486 953 3526 se
1008 3460 1109 3518 illicita
1124 3459 1351 3534 presumptione
1366 3477 1424 3516 non
1440 3459 1544 3516 timent
1558 3459 1729 3533 effringere3
1747 3465 1776 3517 et
1788 3461 1833 3517 rel

131 3550 950 3628 rogansdeferri‚mensibusseaibidemlanguidajacens,
1007 3549 1101 3623 poenis
1116 3548 1367 3606 menifeflllofl'bus
1384 3549 1508 3615 disrari,
1525 3548 1627 3620 quanli
1648 3547 1687 3605 ⁸ll
1709 3548 1834 3621 perl01¹ll

131 3639 262 3698 divinum
277 3638 514 3697 indeficientibus
524 3641 631 3699 animis
642 3643 863 3715 praestolabatur
875 3647 953 3703 auxi·
1006 3638 1152 3712 promisse
1166 3655 1224 3694 non
1250 3639 1381 3708 reddere,
1394 3654 1457 3709 que
1474 3637 1630 3709 Scriptura
1654 3637 1834 3697 testimoniis

129 3728 202 3787 tium
219 3746 226 3786 :
243 3745 295 3786 nee
311 3730 394 3803 prius
405 3746 422 3786 ι
435 3730 502 3787 ndei
513 3730 724 3788 suaeinstantie
735 3733 950 3807 ‹restititquam
1006 3728 1164 3784 notuerunt
1179 3744 1345 3801 agnoscere·
1361 3726 1414 3782 Vir
1429 3725 1514 3783 tretia
1529 3724 1606 3781 inter
1619 3742 1689 3781 suos
1705 3742 1763 3782 non
1779 3726 1833 3783 ob·

129 3819 293 3877 mercedem
317 3818 413 3875 bdelis
436 3818 666 3890 perseverantie,
683 3820 860 3879 soliditatem
885 3841 950 3882 om·
1005 3834 1121 3887 saurus,
1137 3817 1183 3873 cui
1199 3816 1380 3872 adelmanno
1396 3830 1503 3871 nomen
1520 3813 1695 3881 matidiam
1711 3813 1740 3869 in
1756 3814 1833 3888 ipsis

106 3930 109 3939 ·
128 3909 211 3967 nium
226 3909 426 3966 membrorum
441 3908 611 3981 perciperet,
627 3909 810 3984 pedibusque
824 3913 950 3986 propriis
1004 3906 1108 3980 primis
1122 3907 1207 3962 annis
1218 3904 1268 3962 Dei
1276 3909 1305 3962 et
1314 3906 1404 3978 hujus
1415 3907 1524 3962 sauctae
1537 3902 1723 3960 Glodesindis
1736 3904 1832 3960 lamu-

127 3999 258 4072 gaudeas
273 3997 388 4066 rediret,
406 4014 469 4070 que
485 3995 623 4054 manibus
641 3997 745 4055 alienis
768 3998 838 4057 illue
861 4000 950 4060 allata
1004 3994 1077 4052 latui
1092 3993 1123 4051 in
1138 3994 1239 4052 babitu
1255 3994 1420 4051 sanctitatis
1434 3997 1501 4051 vato
1525 3991 1679 4065 delegasit.
1696 3991 1762 4048 llaec
1775 3993 1829 4050 ubi

128 4086 193 4142 suit.
1003 4084 1103 4144 adulta
1117 4088 1173 4157 est,
1189 4089 1282 4157 patre,
1293 4088 1326 4140 ut
1334 4084 1447 4151 dicunt,
1463 4080 1564 4154 ignaro
1575 4085 1603 4136 et
1614 4079 1716 4147 invito,
1726 4095 1830 4151 quem·

161 4174 948 4254 ³l.Quidamsimiliterclaudusvespertinoaliqunndo
1002 4174 1069 4231 dam
1082 4179 1162 4231 extra
1172 4174 1275 4229 urbem
1292 4171 1474 4228 clandestino
1490 4173 1592 4227 secuta
1605 4172 1650 4224 est
1674 4167 1828 4225 matrimo-

126 4269 257 4339 tempore
271 4265 392 4340 grabato
403 4265 584 4339 deportatus,
594 4271 623 4323 et
635 4284 686 4340 pro
699 4269 809 4327 foribus
820 4271 947 4328 basilicae
1002 4264 1060 4320 nio.
1074 4264 1205 4335 Cumque
1220 4261 1250 4317 in
1266 4260 1318 4316 tali
1334 4260 1470 4333 conjugio
1486 4263 1604 4331 tempus
1615 4255 1734 4329 aliquod
1746 4256 1828 4313 elliu·

124 4354 250 4427 poeitae,
266 4354 338 4411 dum
353 4355 468 4428 copiam
483 4355 539 4412 sibi
554 4373 588 4412 ea
600 4362 683 4413 nocte
694 4357 870 4415 intraaedem
883 4378 948 4416 san.
1000 4354 1101 4419 sisset,
1117 4354 1191 4409 forte
1205 4350 1363 4422 aliquando
1379 4349 1446 4417 fuit,
1462 4354 1494 4404 ut
1508 4351 1644 4420 parentes
1659 4350 1687 4402 et
1708 4345 1828 4418 propin-

124 4447 202 4502 ctam
217 4444 386 4516 quiescendi
402 4445 616 4518 deprecaretur,
629 4464 682 4503 uec
698 4447 828 4504 obtinere
843 4449 947 4505 valois·
1001 4460 1075 4515 quos
1089 4443 1118 4498 in
1135 4442 1206 4498 urbe
1220 4439 1305 4498 reue
1319 4440 1443 4496 revisere
1458 4455 1465 4494 ι
1480 4437 1532 4493 ubi
1546 4437 1618 4491 dum
1634 4434 1696 4492 dies
1716 4435 1829 4507 aliquot

123 4535 177 4602 set,
193 4531 234 4589 ibi
251 4537 317 4590 ante
328 4535 452 4606 januam
464 4535 588 4591 fidencn
601 4551 693 4591 vacua
703 4553 795 4609 nsque
806 4537 835 4593 in
850 4537 944 4595 lucem
964 4537 1174 4623 Dmoraretnn
1201 4530 1243 4586 ita
1269 4529 1423 4603 repentina
1461 4527 1664 4583 membrorum
1693 4523 1827 4582 emnium

122 4626 282 4694 pernoctat.
296 4622 371 4679 Eece
387 4628 484 4679 autem
500 4639 585 4679 mane
596 4624 694 4680 subito
705 4625 815 4681 viribus
826 4627 944 4683 validio-
1001 4620 1193 4676 dissolutione
1208 4622 1357 4676 eontracta
1372 4623 1429 4686 est,
1445 4621 1478 4672 ut
1493 4632 1545 4671 nec
1561 4613 1636 4671 lecto
1659 4628 1827 4685 exsurgere,

121 4710 203 4767 ribus
212 4711 429 4779 accedentibus,
440 4712 514 4767 miro
525 4712 670 4784 celerique
683 4714 811 4785 quodam
822 4714 899 4771 saltu
908 4715 945 4771 le·
1000 4728 1051 4767 nec
1068 4709 1124 4766 nisi
1139 4708 1233 4764 alieno
1249 4707 1414 4763 ministerio
1426 4705 1489 4762 loco
1501 4707 1600 4777 posset
1611 4701 1732 4759 moveri.
1748 4701 1825 4758 ‘lum

120 4802 167 4856 cte
181 4816 323 4858 excussus
338 4800 437 4857 relicto
455 4802 484 4856 in
501 4800 563 4857 loco
580 4802 682 4857 eodem
703 4802 837 4873 grabato,
852 4805 944 4876 gradu
999 4805 1081 4873 pater
1095 4797 1153 4853 voti
1171 4797 1362 4852 reminiscens
1379 4797 1414 4852 ad
1431 4792 1644 4851 monasterium
1669 4807 1734 4848 cam
1758 4790 1827 4846 fecit

120 4887 229 4946 directo
245 4889 281 4946 ad
296 4888 445 4946 tumulum
461 4894 596 4946 sanetum
613 4889 755 4961 processit
770 4889 884 4948 elarcet
892 4909 943 4964 pa·
999 4887 1115 4945 deterri.
1131 4888 1197 4952 Ques
1213 4885 1251 4940 ibi
1265 4885 1400 4955 dimissa,
1410 4889 1567 4958 postquam
1579 4879 1829 4952 multumtempo·

120 4974 180 5033 lam
194 4977 338 5051 virginem
354 4982 485 5035 sanctam
501 4978 708 5035 Glodesindem
724 4979 821 5034 divino
836 4980 943 5036 auxilio
999 4978 1039 5033 ris
1057 4977 1085 5032 in
1103 4975 1242 5048 languore
1258 4973 1358 5030 tabida
1370 4975 1514 5045 jacuerat,
1532 4971 1568 5026 ab
1595 4968 1711 5026 ancillis
1732 4967 1783 5024 Dei
1800 4968 1842 5026 ei.

119 5070 270 5123 auctorem
279 5083 338 5123 sure
346 5067 496 5140 sospitatis
504 5066 943 5142 proclamaus‚etgratiasquan·
998 5081 1119 5122 suasum
1135 5069 1190 5132 est,
1207 5069 1238 5118 ut
1253 5080 1370 5118 sacrum
1386 5062 1519 5118 velamen
1540 5059 1596 5116 sibi
1622 5059 1778 5130 imponens
1794 5073 1826 5113 se

119 5157 149 5212 to
164 5153 338 5228 prevalebat
353 5156 481 5212 reserens
497 5155 665 5229 ampliores,
681 5156 800 5212 vocibus
825 5159 942 5232 magnis
997 5154 1054 5210 Deo
1062 5153 1237 5208 servituram
1252 5151 1444 5224 promitteret.
1455 5151 1640 5216 Factumest,
1648 5145 1729 5202 etdie
1739 5145 1825 5202 tertio

118 5241 169 5300 Dei
184 5248 352 5316 sanctaque
365 5243 487 5317 virginis
501 5245 685 5317 glorificabat
699 5245 895 5304 clementiam.
995 5260 1069 5301 sana
1082 5247 1111 5298 et
1123 5241 1280 5298 incolumis
1295 5239 1408 5296 reddita
1423 5243 1477 5309 est,
1488 5243 1522 5294 ut
1530 5234 1648 5311 pristini
1661 5233 1772 5291 doloris
1788 5249 1824 5290 ne

152 5331 197 5388 35.
213 5332 296 5391 Alius
309 5335 379 5390 item
394 5333 532 5390 infirmus
546 5338 576 5390 et
588 5334 668 5391 omui
683 5334 790 5393 iirtnte
811 5337 940 5410 corporis
994 5330 1150 5405 vestigium
1165 5329 1286 5402 quidem
1311 5328 1431 5400 aliquod
1446 5327 1477 5383 in
1494 5342 1525 5382 se
1541 5322 1726 5399 persentiret,
1743 5327 1772 5378 ct
1788 5324 1824 5379 de

117 5418 364 5490 destitutus,cum
375 5420 547 5495 aliquandiu
558 5421 659 5496 inipso
670 5430 771 5481 sancto
782 5424 844 5483 loco
855 5443 940 5500 opem
995 5420 1106 5493 reliquo
1118 5419 1147 5475 in
1162 5419 1265 5475 eodem
1278 5418 1456 5474 monasterio
1473 5417 1529 5473 sub
1545 5414 1650 5472 babitu
1673 5409 1825 5484 religionis

116 5506 164 5565 sul
177 5510 406 5582 prestolaretur,
418 5511 546 5585 quadam
557 5510 605 5568 die
616 5526 719 5584 sopore
731 5519 882 5587 correptus
892 5495 941 5571 ‹lb-
994 5507 1168 5584 permansit.

117 5595 284 5674 dormisset,
294 5600 373 5660 videt
382 5599 477 5662 sibiin
488 5599 600 5661 somnis
610 5599 727 5662 beatam
738 5601 882 5680 virginem
892 5618 938 5663 as·
1029 5599 1073 5656 38.
1084 5597 1158 5657 itera
1167 5596 1433 5674 seminaqnedam,
1443 5593 1822 5670 duodecimJ'amannorum
