3900 6090
124 329 184 391 823
358 353 361 356 ·
415 327 582 390 nuruum
606 322 826 387 ulciscens.
851 320 996 382 Monac.
1021 322 1071 383 llll
1093 323 1313 385 TllllNSbAT.
1338 324 1371 385 S.
1393 325 1549 388 JUleNl
1782 322 1864 386 891.

123 461 255 519 ssdolinm
264 460 398 534 atemplo
412 460 575 518 subductus
588 459 619 514 in
633 457 724 513 imam
739 453 948 512 domunculam
958 450 990 522 ,Α
1004 454 1048 510 ris
1063 454 1264 513 arescentibus
1287 455 1431 530 poplitum
1458 473 1492 514 ex
1507 474 1573 514 asse
1587 456 1749 514 incedendi
1764 455 1841 514 ami·

125 548 220 624 ipsius
247 547 376 606 ecclesias
403 547 572 620 contiguam
601 545 737 602 tollitur:
754 544 855 617 sicque
877 541 955 599 intra
1008 548 1086 601 serat
1101 545 1241 602 officium.
1258 545 1309 602 llic
1325 546 1425 619 itaque
1441 544 1670 619 permultorum
1694 561 1864 603 annorum,

125 636 313 714 paucosdies
338 636 558 709 perfectissimos
587 635 705 691 sanitati
733 632 956 705 donatur,vigi-
1009 633 1295 690 eurriorrlalratrum
1324 635 1544 692 llieiaeensium
1560 634 1681 693 solertia
1696 635 1841 708 lrsqnorffl

125 723 766 796 lantifratrumeurainomnibusndjutns.
784 722 838 777 Per
856 720 956 776 ornnia
1009 723 1152 780 educatus
1181 722 1321 780 alimonis
1350 721 1845 780 lucratvanmiltoincxhansto

125 813 297 873 benedictus
312 814 401 870 Deus.
1010 812 1075 867 lons
1097 811 1216 885 pietatis
1239 813 1290 886 qui
1319 811 1441 884 puerilis
1471 811 1638 869 sinceritate
1665 810 1843 869 innocentio

210 903 278 972 Quoe
292 910 454 976 sequentur,
470 903 584 960 atterius
600 901 727 958 videnter
740 902 870 957 enebris.
1011 902 1122 973 absque
1146 901 1235 957 ullius
1260 901 1467 973 conspersione
1484 901 1618 958 sarmenti
1634 902 1725 958 corde
1738 902 1860 978 devoto.

161 991 207 1047 50.
229 991 310 1048 Alter
325 991 520 1048 nihilominus
536 993 633 1063 (cujus
649 1007 755 1046 nomen
772 987 889 1061 excidit)
905 989 955 1043 ad·
1011 990 1143 1062 precipit
1152 991 1290 1067 exerceri,
1307 990 1391 1045 illum
1409 1007 1467 1046 una
1482 989 1611 1047 noctium
1628 990 1785 1047 admoneri
1799 1005 1844 1047 vo-

126 1079 207 1135 vonit
217 1079 332 1137 lumine
342 1080 493 1136 oculorum
512 1079 642 1152 privatus
655 1079 691 1135 ab
703 1080 766 1150 ipso
779 1076 957 1151 exceptionis
1007 1079 1066 1135 luit
1081 1083 1114 1134 ut
1128 1079 1221 1135 Patris
1248 1078 1399 1135 Maximini
1425 1082 1573 1153 expeteret
1596 1096 1694 1153 opem,
1710 1079 1737 1136 si
1752 1078 1842 1137 totius

127 1172 225 1240 partu.
244 1168 532 1240 Pernoctansitaque
552 1172 620 1224 ante
636 1165 869 1240 suffragatricem
884 1169 958 1234 tanti
1012 1169 1142 1240 corporis
1171 1172 1285 1241 optaret
1315 1168 1452 1241 consequi
1482 1166 1693 1225 valetudinem.
1709 1168 1766 1236 oui
1791 1186 1843 1224 su·

128 1257 243 1329 patroni
260 1256 405 1325 tumbam,
423 1257 603 1328 inexpertam
631 1271 804 1328 semperque
827 1258 958 1327 optatam
1009 1275 1108 1331 perne
1124 1257 1316 1313 admonitioni
1332 1256 1479 1326 credulus,
1495 1257 1673 1314 manasseto
1688 1258 1843 1332 penitaco·

128 1344 236 1401 meruit
247 1348 418 1418 extorquere
433 1344 690 1400 illuminationem.
705 1345 781 1417 Ergo
806 1345 877 1399 dum
898 1347 957 1400 sta·
1012 1344 1107 1403 alesia
1122 1346 1279 1415 subintrat,
1296 1349 1383 1418 atque
1398 1350 1466 1403 ante
1480 1350 1703 1403 sacrosanctum
1714 1349 1843 1420 prostra-

127 1432 179 1490 bili
195 1433 303 1490 mentis
317 1434 375 1490 sido
391 1433 421 1489 in
436 1432 636 1490 misericordis
664 1432 874 1489 intercessione
890 1448 957 1489 con·
1013 1439 1061 1491 tus
1072 1433 1436 1502 mausoleum‚innocontis
1446 1433 1551 1490 affeetu
1562 1433 1843 1508 animipiapiissiml

128 1524 248 1581 fossoris
259 1523 316 1580 sibi
334 1522 434 1597 largiri
455 1522 586 1589 confidit,
603 1523 680 1595 quod
692 1525 799 1578 natura
813 1539 872 1578 non
888 1537 959 1577 eon·
1013 1521 1180 1597 interpellat
1190 1523 1296 1580 merita
1306 1521 1492 1581 confessoris.
1509 1523 1672 1591 Necmora,
1689 1522 1791 1581 divina
1803 1523 1843 1581 di·

127 1611 208 1680 tulit,
223 1611 408 1684 infestusque
424 1611 569 1668 continua
585 1609 801 1683 inquietudinis
816 1609 960 1666 clamores
1014 1611 1112 1687 gnatio
1128 1611 1167 1667 illi
1185 1611 1289 1669 adluit.
1303 1610 1444 1686 Exemplo
1459 1610 1605 1685 siquidem
1622 1627 1653 1669 so
1673 1611 1841 1687 subrigens,

128 1700 209 1758 nullo
225 1700 311 1758 modo
327 1699 487 1772 intercipit,
502 1699 655 1756 confestim
680 1699 808 1772 quodam
833 1697 959 1772 piissimi
1014 1718 1048 1757 ac
1062 1699 1265 1774 plenissimam
1280 1699 1372 1757 totius
1386 1696 1518 1774 corporis
1532 1704 1655 1775 captans
1671 1701 1842 1773 sanitatem,

129 1789 262 1846 Rabboni
273 1793 354 1847 tactu
365 1788 401 1846 ab
412 1788 485 1862 ipsis
501 1788 653 1845 oculorum
669 1789 791 1845 orbibus
805 1786 959 1861 sanguinis
1014 1806 1092 1846 anno
1107 1788 1264 1845 Dominioae
1280 1789 1491 1847 incarnationis
1505 1789 1663 1847 millesimo
1679 1790 1843 1866 quadrage-

130 1879 211 1935 rivus
230 1879 336 1951 erupit,
353 1894 387 1935 ac
415 1877 553 1951 deinceps
580 1879 769 1951 postmodnm
799 1877 854 1933 sub
883 1875 958 1933 tanti
1012 1877 1199 1951 simoprimo
1216 1878 1302 1935 tertia
1325 1879 1420 1953 ipsius
1444 1879 1668 1936 resurrectionis
1683 1878 1843 1939 salvatoris

130 1984 221 2025 manu
236 1966 349 2041 opificis
364 1967 548 2040 inexpertum
571 1966 665 2023 inscia
682 1965 758 2022 lucis
772 1964 958 2037 splendorem
1012 1966 1174 2034 Dominioa,
1190 1967 1263 2024 hora
1277 1967 1334 2024 diei
1350 1968 1490 2037 secunda,
1504 1968 1608 2025 eadem
1630 1961 1784 2042 paschalis
1795 1985 1840 2029 oo·

129 2056 244 2129 pupilla
258 2056 405 2125 extimuit,
421 2072 579 2128 rerumque
594 2055 737 2129 imagines
752 2055 890 2127 deinceps
900 2070 959 2110 em·
1011 2054 1173 2112 lemnitatis
1201 2055 1310 2129 gaudio
1336 2057 1550 2115 restauratione
1569 2057 1616 2114 sui
1631 2054 1712 2114 haud
1728 2056 1841 2116 modica

130 2144 256 2202 blsmats
283 2143 373 2201 simili
402 2149 519 2218 pectore
547 2144 656 2200 condit.
678 2144 701 2201 0
724 2142 851 2200 celestis
880 2143 958 2218 regis
1011 2144 1092 2201 auxit
1106 2145 1136 2200 in
1152 2143 1262 2201 latitia.
1277 2146 1313 2201 llt
1327 2145 1447 2218 quidem
1464 2150 1540 2219 apte,
1557 2146 1630 2202 dum
1647 2146 1719 2204 huic
1734 2164 1789 2205 uox
1801 2147 1839 2204 in·

129 2233 269 2306 potentia,
286 2233 401 2308 ingens,
421 2232 592 2306 incorporea
618 2233 649 2289 in
678 2249 732 2290 sua
760 2237 957 2306 naturaque
1011 2237 1130 2291 sonaret
1144 2234 1314 2307 prophetica
1329 2250 1336 2291 ι
1352 2234 1540 2292 Misericordia
1566 2237 1683 2293 Dmraci
1703 2237 1789 2310 plena
1803 2243 1841 2295 ott

129 2320 298 2396 palpamine
309 2321 453 2396 spirituali
466 2340 483 2380 a
494 2321 610 2378 mortali
620 2317 959 2380 volnithumanitusson·
1010 2331 1102 2393 tarra;
1119 2323 1188 2379 inde
1202 2322 1297 2396 ipsius
1311 2326 1399 2381 tanta
1420 2323 1619 2382 miserationis
1632 2323 1748 2382 viscera
1760 2324 1837 2383 clan-

128 2409 326 2480 tiri,innatum
338 2411 492 2486 glaucoma
505 2410 661 2480 dextruxit,
669 2412 830 2468 obtunsum
840 2411 957 2469 verticis
1011 2430 1079 2487 gere
1094 2413 1245 2487 signorum
1275 2413 1368 2470 excita
1395 2413 1479 2488 plebs
1505 2430 1686 2472 concurrens
1712 2416 1838 2490 &epm

129 2500 282 2573 speculum
291 2500 415 2576 gemino
430 2500 543 2574 fulgora
558 2500 724 2573 complevit.
1011 2502 1157 2559 universa.

164 2591 210 2648 57.
222 2590 346 2659 Quidam
367 2590 510 2649 duodenis
525 2606 598 2664 puer
609 2589 727 2647 nomine
737 2590 875 2647 llrlredus
887 2605 955 2647 ner-

524 2964 773 3081 Illllslllltl
807 2962 1090 3081 tolletis
1123 2962 1171 3081 S.
1206 2966 1438 3081 JUNlllNl
1663 3008 1668 3015 ·

721 3218 759 3274 lN
779 3215 953 3274 SYNODUM
973 3216 1242 3276 Ksaaoubltsbll

819 3395 948 3486 Ciror'ter
961 3414 1073 3459 eanum
1087 3398 1147 3459 988

381 3567 436 3665 A
466 3561 677 3665 letaldo
713 3557 958 3662 ruoaacho
997 3564 1285 3664 Miciaceooi
1317 3562 1582 3704 descripte.

638 3759 730 3831 (Apud
747 3757 870 3827 illabili,
888 3758 961 3826 Acte,
978 3756 1082 3815 Seculi
1099 3757 1145 3828 lV,
1163 3774 1229 3833 pag.
1246 3759 1321 3828 131.)

872 3946 1084 3963 n*-

162 4107 187 4160 1.
204 4103 327 4159 Domino
339 4101 416 4159 Patri
434 4101 633 4158 Gousrlurruo
644 4104 673 4158 et
684 4099 794 4157 esteris
810 4099 986 4169 fratribnsc
1005 4116 1107 4157 eorum
1121 4100 1286 4156 interventu
1302 4105 1433 4172 patrum,
1448 4115 1523 4172 quos
1546 4098 1632 4156 nobis
1648 4097 1774 4173 largitus
1785 4098 1822 4153 sot

124 4184 949 4251 NoblliacicranobiifraterbsracoosinDomioosalutem.
1005 4188 1223 4258 intercessores,
1240 4193 1269 4244 ot
1284 4189 1320 4245 ad
1336 4187 1540 4263 corrigendam
1561 4187 1627 4245 vitas
1643 4191 1753 4246 nostra
1764 4202 1822 4261 gn·

144 4277 951 4352 Adsublevandos'l’ebisalaborcsnngclusltaphaclmis·
1004 4278 1122 4335 vitatem
1137 4279 1274 4352 proponit
1289 4277 1457 4335 imitabiles.

122 4362 174 4429 sus
185 4369 504 4442 aDomino,postquam
516 4383 583 4424 enm
595 4384 653 4423 non
665 4368 950 4424 solnmabaorumnis
1039 4371 1065 4423 2.
1083 4367 1296 4441 Aggrediamur
1322 4367 1414 4440 igitur
1437 4365 1574 4440 promissi
1598 4365 1698 4439 operis
1713 4380 1825 4431 munus.

121 4460 198 4518 eruit
206 4475 308 4516 verum
322 4458 412 4516 etiam
421 4456 573 4514 beneficiis
584 4456 687 4512 divine
699 4456 816 4529 pietatis
826 4456 947 4528 adjuvit,
1004 4455 1280 4528 nostrisquidemde
1288 4454 1561 4523 viribusdilllsi,sed
1572 4452 1677 4510 divina
1688 4451 1827 4529 largitatis

122 4566 291 4608 reversurus
302 4548 339 4605 ad
349 4563 417 4604 cum
428 4563 445 4602 a
455 4563 513 4618 quo
524 4545 635 4602 missus
647 4546 770 4614 lucrata
780 4561 838 4618 quo
850 4545 949 4602 exiens
1003 4544 1111 4601 auxilio
1128 4542 1203 4612 lulti,
1221 4541 1301 4599 illius
1316 4541 1451 4598 videlicet
1466 4540 1517 4614 qui
1532 4541 1573 4598 ait
1584 4558 1591 4596 :
1603 4539 1687 4613 Aperi
1700 4556 1732 4599 os
1745 4548 1825 4608 tm.

121 4657 179 4697 non
190 4639 376 4706 discesserat,
388 4653 439 4697 eos
453 4651 528 4708 quos
543 4634 675 4690 beneficii
692 4632 811 4705 superni
828 4651 949 4692 munere
1001 4642 1028 4690 et
1041 4649 1088 4705 epo
1110 4632 1226 4704 isoplebo
1252 4631 1323 4687 illud
1346 4631 1433 4704 (Psoi.
1449 4647 1543 4696 uxxr,
1559 4629 1614 4702 11).
1639 4627 1700 4686 Vos
1722 4632 1841 4707 suan„

120 4732 260 4796 crexerat,
277 4724 436 4799 alloquitur
450 4725 569 4780 dicens:
587 4723 739 4780 Cossitium
754 4725 825 4794 repis
839 4723 949 4780 obscero
1002 4721 1152 4779 reverendi
1180 4721 1278 4778 Patres
1301 4724 1329 4776 et
1345 4722 1459 4787 iratres,
1471 4721 1574 4792 jurato
1588 4717 1740 4792 precibus,
1755 4716 1827 4793 qaotl

120 4818 183 4875 dere
198 4817 297 4874 bonum
311 4822 359 4885 est,
375 4820 562 4888 mercantem
583 4813 633 4870 eet
655 4812 775 4868 revetere
788 4814 948 4885 etcenfitcrr'
1001 4811 1172 4868 charitativo
1183 4809 1352 4883 injunxistis
1363 4807 1570 4882 imperiotnee
1578 4806 1741 4865 mmodnrn
1749 4803 1827 4865 rolris

120 4907 355 4979 bonorificomest
376 4904 452 4975 (lob.
476 4905 538 4972 xri).
569 4903 751 4974 Quapropter
779 4917 833 4957 nos
859 4918 947 4973 opera
1001 4893 1827 4971 nostradispliceatrusticitas,dummodosolaetintegra,

119 4995 227 5053 Christi
238 5012 301 5068 qnae
317 5009 369 5066 per
383 4990 629 5068 gloriosissimum
646 4990 842 5047 consessorem
857 5007 945 5047 suurn
1001 4991 1034 5043 ut
1047 4987 1156 5042 svobis
1174 4985 1285 5042 tradita
1299 4989 1355 5052 est,
1369 5001 1467 5041 rerum
1483 4987 1632 5058 gestarum
1648 4982 1828 5061 complwaat

118 5073 280 5144 Junianum
292 5083 400 5139 nostris
416 5080 598 5154 temporibus
608 5078 721 5153 operari
736 5079 875 5152 diguatus
890 5084 944 5149 ost,
998 5076 1117 5132 veritas.
1133 5075 1207 5131 Curn
1223 5075 1315 5131 exorti
1328 5078 1428 5130 essent
1441 5078 1610 5146 peccatores
1624 5071 1703 5129 sicut
1718 5073 1827 5140 lenam,

119 5174 245 5232 revelare
255 5177 285 5229 ct
295 5170 426 5228 confiteri
438 5170 583 5237 convenit,
600 5170 636 5226 ad
650 5168 807 5225 laudarunt
821 5168 944 5241 gloriam
1000 5163 1127 5222 ctvcluti
1137 5181 1239 5237 vepres
1253 5168 1282 5220 et
1296 5164 1388 5237 spinae
1403 5167 1549 5219 terrenam
1560 5161 1742 5219 suffocantes
1750 5177 1829 5221 arcs·

44 5275 48 5283 '
118 5261 247 5320 nominis
262 5260 336 5334 ejus,
353 5262 390 5318 ad
406 5259 626 5317 adilicntioncm
643 5257 840 5327 audientium,
855 5262 888 5313 ut
900 5276 944 5315 co·
999 5254 1118 5322 sem,ita
1132 5251 1254 5326 maligni
1266 5253 1375 5325 quique
1388 5250 1572 5308 Dcminicam
1587 5251 1775 5308 devastarent
1786 5249 1827 5306 ri·

115 5357 259 5426 gnoscant
269 5368 371 5408 omnes
381 5350 451 5423 quio
464 5366 553 5421 opera
567 5366 630 5421 quse
642 5351 780 5420 operatus
789 5351 834 5403 est
846 5347 874 5402 in
885 5347 942 5405 dia·
999 5360 1095 5411 neam,
1112 5342 1224 5415 placuit
1239 5341 1384 5414 episcopis
1399 5344 1428 5396 et
1443 5339 1602 5396 abbatibus
1616 5342 1647 5395 et
1661 5338 1828 5413 quibusque

115 5441 172 5497 bus
185 5444 301 5514 patrum
313 5444 491 5503 nostrorum,
508 5441 645 5510 operatur
659 5441 688 5492 et
703 5436 867 5504 nobiseum,
885 5452 942 5491 non
998 5431 1143 5505 religiosis
1155 5430 1225 5486 viris
1236 5428 1393 5485 concilium
1409 5428 1514 5485 debere
1527 5426 1638 5497 lieri,in
1648 5444 1707 5501 quo
1717 5431 1747 5485 et
1756 5443 1828 5501 pn·

116 5529 224 5585 nostris
239 5528 357 5601 quidem
374 5527 551 5591 meritis,sed
561 5543 624 5597 quae
635 5524 775 5581 beneficio
787 5525 905 5597 pietatis
915 5527 944 5580 et
998 5521 1105 5592 dcem)
1115 5519 1350 5593 prohiberentur,
1360 5515 1743 5589 otrsssanctoruminjuste
1758 5515 1828 5573 suh-

149 5626 205 5699 (17)
221 5627 253 5683 ln
268 5625 380 5699 synodo
395 5624 472 5681 lacta
494 5623 611 5680 circiter
625 5637 736 5679 annum
753 5622 816 5690 988,
835 5621 883 5679 cui
898 5623 942 5678 in·
999 5619 1100 5678 tensuit
1115 5618 1197 5692 llugo
1213 5615 1404 5674 Ecolimensis
1420 5617 1587 5691 episcopus,
1604 5617 1741 5672 mortuus
1749 5629 1828 5675 sano
