3900 6090
125 277 203 358 roae

469 438 604 482 tunnas.

160 516 197 574 Ut
212 515 293 572 libet.

451 600 565 657 SCENA
586 600 620 655 li.

244 741 253 752 ‚
431 704 623 745 rnrnnurrus.

161 783 204 835 Tu
220 780 297 835 istnc
313 779 400 844 intro,
417 776 517 845 Thais,
534 793 623 848 quarn
638 778 754 848 querci

490 881 583 921 rrius.

160 958 230 1026 Quis
247 957 294 1013 hio
311 955 360 1026 qui
375 954 507 1026 loquitur
521 954 572 1011 48
587 953 727 1027 ignotus?

443 1056 636 1100 rnrnnnrrus.

161 1137 282 1192 Amator
296 1138 366 1189 tuus

490 1217 583 1258 rrrtrs.

148 1294 345 1365 'Quicumque
361 1308 408 1348 me
423 1306 521 1348 amoro
537 1289 616 1358 colit,
634 1306 747 1363 aquom
757 1289 849 1346 vicem
865 1304 949 1346 arno·

128 1384 168 1440 ris
183 1400 200 1441 a
215 1399 261 1440 me
276 1381 388 1454 recipit.

443 1485 632 1526 rnrunurrus.
701 1476 705 1483 ·

147 1562 182 1621 ’0
196 1559 401 1632 Thais,'1'hais,
415 1562 526 1630 quanto
541 1557 708 1629 gravissimi
725 1557 839 1614 itineris
855 1572 949 1612 curre·

126 1653 194 1709 barn
210 1650 314 1723 spatia,
332 1665 388 1720 quo
404 1647 476 1703 rnihi
495 1648 612 1703 daretur
637 1647 720 1719 copia
746 1653 842 1703 tecum
868 1644 948 1703 tundi

125 1741 228 1812 tuique
243 1738 346 1796 sociem
363 1735 591 1808 contemplandi.

489 1841 582 1882 runs.

161 1920 218 1976 Nec
241 1920 393 1990 aspectum
422 1913 574 1981 subtraho,
605 1930 657 1970 nec
688 1913 866 1984 colloquium
897 1912 948 1968 de-

126 2022 210 2080 nego.
459 2017 463 2025 ·

439 2107 631 2149 oneraremus.

161 2185 312 2242 Secreturn
323 2187 428 2239 nostra
439 2179 683 2245 contabulationis
694 2179 839 2238 desiderat
851 2178 950 2238 solitu-

127 2274 225 2332 dinem
240 2271 295 2331 loci
311 2270 485 2330 secretioris.

491 2377 583 2416 ruurs.

162 2453 234 2510 Eece
248 2449 344 2508 cubile
358 2450 430 2507 bene
447 2453 573 2506 stratum
589 2452 616 2506 et
632 2447 803 2506 delectabile
816 2448 852 2505 acl
869 2446 950 2503 inha-

127 2540 292 2599 bitandum.

443 2643 634 2685 pareremus.

161 2719 249 2777 Estne
265 2717 312 2774 his
323 2715 402 2774 aliud
418 2715 557 2790 penitius,
572 2716 602 2773 in
618 2732 675 2788 quo
691 2716 839 2788 possimus
860 2712 946 2772 eollo·

127 2808 177 2881 qui
192 2806 353 2866 secretius?

489 2912 581 2952 raus.

161 2988 212 3045 Est
242 2987 350 3045 etenim
375 2985 455 3041 aliud
480 2984 627 3042 oecultum
651 2988 711 3039 tarn
735 2986 889 3050 secretum,
915 2985 948 3037 ut

524 286 788 352 lllltl'lSUl'iHAE
809 280 997 348 neentis
1020 285 1424 352 GANDERSHEIMENSIS.

1754 287 1831 351 iim

1325 420 1517 481 rrruuerrus.

1038 508 1131 575 Tanto
1142 509 1254 581 justius
1268 511 1467 580 damnaberis,
1482 514 1592 584 quanto
1610 514 1836 586 presumptuo-

1002 594 1065 653 sius
1080 596 1207 656 scienter
1220 599 1368 658 offendisti
1384 601 1569 674 majestatem
1584 599 1771 658 Divinitatis.

1341 704 1434 745 rnrrs.

1041 774 1113 843 ileu,
1130 774 1199 842 heu,
1215 778 1285 849 quid
1302 777 1383 850 ogisi
1398 777 1472 844 Quid
1488 776 1597 835 infelici
1613 776 1781 835 minitaris.

1316 882 1507 924 erraremus.

1038 953 1222 1026 Supplicium
1235 955 1290 1012 tibi
1305 954 1441 1012 imminet
1454 954 1605 1030 gehenna,
1626 955 1651 1014 si
1675 973 1836 1029 permana-

1003 1041 1048 1098 bis
1063 1041 1092 1097 in
1108 1041 1229 1100 scelere.

1367 1148 1460 1190 reare.

1038 1219 1182 1277 Severitas
1192 1225 1248 1278 tua
1258 1221 1451 1294 correptionis
1462 1222 1612 1281 concussit
1622 1221 1775 1296 penetrale
1787 1240 1837 1297 pa·

1004 1305 1064 1362 vidi
1079 1308 1186 1366 eonlis.

1318 1415 1510 1457 erraremus.

1039 1484 1060 1543 0
1076 1486 1189 1543 utinam
1204 1504 1284 1545 esses
1296 1488 1407 1545 viscera
1432 1493 1518 1544 tenue
1542 1505 1690 1547 concussa
1714 1491 1834 1561 timore,

1003 1589 1039 1629 no
1054 1574 1132 1631 ultra
1146 1593 1337 1647 praesumeres
1353 1575 1522 1649 periculosa
1534 1577 1724 1636 delectationi
1735 1597 1837 1640 assen-

1003 1679 1069 1721 sum
1085 1664 1222 1735 prebere.

1370 1772 1459 1812 rnnrs.

1039 1843 1073 1899 lit
1088 1844 1155 1914 quis
1171 1848 1237 1915 post
1251 1843 1312 1899 hac
1326 1843 1408 1900 locus
1424 1845 1567 1917 pestilera
1592 1845 1786 1905 delectationi
1804 1849 1835 1908 in

1004 1946 1068 1988 meo
1083 1933 1169 1988 cerdo
1184 1936 1280 2004 potest
1294 1931 1486 2004 relinqui,ubi
1501 1933 1598 1991 solum
1613 1935 1751 1995 intestini
1762 1954 1835 1997 mee·

1003 2021 1078 2078 roris
1093 2021 1259 2079 amaritudo
1274 2022 1442 2094 consciique
1457 2026 1554 2081 reatus
1569 2039 1644 2082 nora
1660 2024 1836 2086 dominatur

1003 2108 1151 2166 termido?

1320 2215 1508 2257 rauranum.

1039 2287 1098 2344 Hoc
1111 2291 1189 2361 opto,
1206 2304 1264 2361 quo
1280 2288 1400 2346 resectis
1414 2289 1553 2348 vitiorum
1568 2291 1666 2364 spinis
1681 2307 1833 2369 emergere

1004 2377 1098 2451 possit
1110 2377 1239 2451 lacryma
1253 2378 1496 2450 compunctionis.

1367 2483 1460 2524 runs.

1037 2555 1071 2623 0,
1087 2555 1112 2612 si
1133 2555 1276 2625 crederes,
1301 2572 1329 2624 o,
1354 2556 1379 2611 si
1404 2571 1540 2628 operares
1563 2571 1611 2613 me
1630 2560 1830 2633 sordidulam,

1002 2643 1109 2703 millies
1124 2643 1253 2701 millenis
1268 2645 1401 2702 sordium
1426 2644 1548 2702 oblitam
1570 2647 1832 2722 otlirseatiouibus,

1001 2734 1053 2792 49
1069 2733 1216 2791 ullatenus
1230 2749 1316 2806 posse
1330 2732 1449 2807 expiari,
1468 2749 1520 2790 seu
1545 2732 1606 2791 ullo
1625 2741 1830 2812 compunctio-

1002 2823 1049 2880 nis
1064 2823 1151 2880 modo
1163 2823 1279 2881 veniam
1294 2822 1502 2897 promerenti...

1321 2928 1512 2970 rtrsnurrus.

1037 3001 1156 3059 Nullum
1173 3003 1251 3059 eninr
1266 3017 1352 3075 grave
1368 3005 1532 3075 peecatum,
1549 3002 1666 3062 nullum
1687 3011 1750 3064 tam
1775 3010 1829 3067 im·

125 3077 189 3152 ejus
205 3075 351 3150 penetrale
367 3073 439 3132 nulli
452 3078 555 3146 prater
569 3090 625 3142 mo,
644 3072 700 3129 nisi
712 3072 780 3141 Deo,
797 3071 834 3128 sit
849 3070 948 3145 cogni·
1003 3107 1088 3148 mane
1102 3095 1147 3148 ,gg
1175 3090 1324 3161 defletum,
1350 3091 1427 3163 qu0d
1453 3096 1580 3164 nequeat
1603 3094 1716 3166 expiari
1736 3099 1830 3172 poni,

124 3169 200 3225 tum.

442 3249 634 3291 attenuemus.

162 3307 215 3366 Cui
231 3306 310 3364 Deo?

489 3411 581 3452 runs.

160 3469 245 3527 Vere.

442 3570 634 3613 rarrruurrus.

162 3646 263 3707 Credis
277 3644 360 3705 illurn
378 3644 489 3717 aliquid
504 3642 598 3703 seire?

492 3748 584 3791 rners.

159 3828 221 3887 Non
238 3824 335 3884 nescio
351 3825 436 3881 illurn
452 3823 525 3881 nihil
540 3822 639 3881 latero.

437 3925 630 3970 rennuentes.

159 4004 302 4063 Utrumne
317 4004 390 4061 reris
410 4001 493 4059 illum
518 4002 594 4059 iacta
618 4016 774 4073 pravorum
789 3999 945 4074 negligere,

124 4110 162 4152 an
178 4093 224 4151 sui
239 4093 405 4165 aequitatem
421 4091 555 4150 servare?

487 4196 580 4237 rrius.

158 4271 280 4328 AEstimo
295 4268 389 4343 ipsius
405 4267 551 4341 equitatis
566 4268 649 4325 laneo
664 4266 849 4342 singulorum
858 4269 947 4326 meri-

123 4365 154 4419 ta
167 4359 295 4435 pensari,
311 4362 341 4417 et
355 4358 525 4431 unicuique,
540 4361 626 4431 prout
640 4356 741 4431 gessit,
758 4359 818 4416 sive
833 4358 946 4432 suppli·

122 4449 210 4523 cium,
223 4451 283 4508 sire
299 4446 454 4524 premium
470 4447 590 4503 serrari.

439 4551 633 4595 rtrnrurres.

158 4629 181 4686 0
195 4629 319 4697 Christe,
333 4643 423 4700 quom
439 4625 575 4684 miranda
587 4631 643 4682 turo
654 4624 731 4684 circa
746 4643 799 4684 nos
815 4625 947 4702 benigni·

119 4719 191 4777 tatis
207 4716 357 4792 patientia,
374 4718 424 4790 qui
439 4721 468 4772 to
484 4715 611 4773 scientes
626 4716 708 4772 tides
724 4732 843 4788 peccare
858 4721 887 4773 et
901 4723 944 4775 tn-

121 4824 189 4865 men
204 4808 304 4863 tardas
321 4805 464 4879 perdere?

488 4911 581 4951 reus.

962 3160 985 3230 C
1002 3180 1107 3238 tendia
1122 3179 1270 3254 lacrymis,
1283 3180 1308 3237 si
1323 3179 1444 3237 ollactus
1456 3184 1597 3252 sequetur
1610 3184 1720 3256 operis.

1366 3285 1459 3328 raus.

1037 3359 1173 3430 Ostende,
1189 3375 1297 3432 quase,
1323 3358 1363 3416 mi
1393 3357 1488 3429 Pater,
1514 3375 1572 3433 quo
1596 3359 1705 3419 ellectu
1730 3362 1826 3438 operis

1001 3447 1160 3522 promereri
1174 3463 1279 3522 queam
1294 3464 1403 3505 munus
1419 3447 1677 3507 reconciliationis.

1321 3552 1514 3596 emeremus.

1037 3627 1197 3685 Contemm
1214 3624 1366 3696 seculum,
1383 3625 1451 3701 tuga
1474 3626 1653 3686 lascivorum
1680 3632 1829 3691 consortia

1002 3716 1196 3775 amasionum.

1364 3823 1457 3864 nnus.

1036 3897 1071 3954 lit
1085 3896 1156 3969 quid
1170 3896 1243 3953 mihi
1258 3900 1327 3953 tunc
1341 3896 1396 3953 erit
1411 3895 1575 3970 agendum?

1319 4001 1511 4044 sternamus.

1037 4076 1069 4133 In
1085 4080 1229 4134 secretum
1240 4075 1338 4133 locum
1353 4075 1559 4144 secedendum,
1571 4074 1601 4131 in
1612 4090 1673 4148 quo
1689 4082 1719 4134 te
1735 4078 1828 4153 ipsam

1000 4165 1183 4224 discutiendo
1198 4165 1294 4240 possis
1309 4165 1463 4223 lamentari
1483 4166 1703 4224 enorminatem
1719 4171 1763 4226 tui
1782 4171 1829 4228 de·

1000 4254 1072 4313 licti.

1363 4361 1458 4402 ruam.

1037 4434 1066 4491 Si
1083 4432 1136 4491 hoc
1151 4449 1254 4509 speras
1278 4434 1428 4507 prolicere,
1456 4450 1513 4491 non
1539 4433 1616 4494 addo
1642 4442 1829 4497 momentum

960 4537 986 4605 p
1000 4521 1131 4581 morule.

1317 4627 1509 4670 emeremus.

1035 4701 1098 4758 Non
1114 4701 1216 4760 dubito
1231 4701 1301 4775 quin
1318 4701 1421 4775 prosit.

1362 4806 1456 4847 rums.

1035 4879 1078 4935 Da
1109 4879 1182 4935 mihi
1209 4877 1384 4952 aliquantuli
1413 4878 1541 4952 spatium
1571 4880 1766 4952 tempusculi,
1797 4884 1826 4937 ut

155 4987 214 5042 Cur
228 4983 431 5042 contremiscis
446 4985 559 5039 mutato
575 4983 690 5040 eoloro‘l
705 4983 763 5040 Cur
783 4983 879 5041 fluunt
902 4984 944 5044 la·
999 4969 1145 5040 limitiam
1161 4984 1373 5039 mssmffiffllafflt
1387 4984 1476 5040 quam
1496 4966 1572 5024 ”¹³¹⁰
1595 4968 1752 5026 mileciam
1776 4970 1824 5024 diu

121 5074 248 5149 eryma‘?

432 5178 627 5219 rrenrurrus

156 5253 210 5309 Tui
234 5253 494 5325 presumptionem
520 5250 666 5318 horresco,
685 5250 726 5305 tui
749 5250 942 5324 perditionem

1000 5058 1122 5113 serrari.

1315 5162 1508 5204 rrrrrnurrus.

1034 5237 1075 5292 lie
1100 5235 1267 5294 solliciteris
1282 5253 1333 5308 pro
1349 5253 1392 5292 ea.
1410 5236 1473 5292 Non
1497 5237 1616 5303 desunt,
1642 5237 1694 5308 qui
1709 5242 1824 5295 utentur

120 5340 222 5415 datico,
250 5343 319 5414 quia
343 5341 403 5397 hec
428 5340 516 5411 nosti,
542 5344 570 5395 et
595 5343 691 5395 tantas
717 5339 830 5396 animas
846 5341 942 5413 pordi-
997 5325 1125 5385 illinia-

121 5429 201 5488 disti.

482 5518 575 5559 runis.

155 5590 212 5662 Va,
227 5608 268 5651 rte
283 5590 357 5650 mihi
371 5590 492 5653 infelici.

1366 5431 1458 5470 ruris.

1032 5505 1096 5562 Non
1119 5505 1155 5560 ob
1179 5505 1209 5560 id
1234 5502 1384 5572 sollicitor,
1410 5509 1443 5561 ut
1465 5503 1509 5560 vel
1535 5502 1609 5560 mihi
1630 5520 1759 5571 servare,
1778 5500 1818 5559 vel

996 5593 1100 5653 amieis
1112 5591 1216 5651 vellem
1230 5592 1313 5662 dare,
1330 5592 1381 5650 sed
1396 5608 1449 5650 nec
1465 5591 1565 5667 egenis
1590 5608 1681 5650 conor
1703 5593 1817 5668 dispeu-
