3900 6090
127 272 204 336 l083
518 273 782 336 HROTSUITHAE
805 274 993 335 lthNlALlS
1017 232 1424 338 othnltsttntntnnsts.
1752 274 1833 337 lost

125 410 228 478 Dicite,
245 426 342 482 posco,
352 407 417 478 viri,
428 425 481 465 cur
495 409 644 480 suspicitis
659 406 779 472 Galilai,
960 407 987 473 Α
1003 408 1037 462 nt
1051 423 1116 462 mea
1131 409 1166 463 de
1180 408 1252 464 ceila
1267 408 1348 464 selus
1361 409 1512 482 Sapientia
1526 420 1604 467 vera.

124 498 263 555 Vultibns
277 498 413 554 altonitis
424 501 545 563 stantes,
560 496 711 568 oculisque
726 495 864 567 supinis?
1002 497 1037 550 nt
1051 514 1128 552 nune
1144 497 1173 551 in
1188 499 1290 552 dextra
1304 497 1396 554 vietor
1410 498 1559 570 requiesco
1572 502 1699 572 paterna

125 586 176 642 llic
192 591 268 642 certe
282 587 379 652 iesus,
393 585 475 641 vobis
489 585 676 650 mirantibus,
693 602 769 640 unus
1003 585 1149 652 (laudens,
1167 603 1260 658 nsque
1278 590 1342 642 tuos
1360 604 1465 658 penam
1482 593 1603 643 cunetas
1619 587 1761 642 inimicos

124 677 311 747 Assumptus,
325 673 412 729 coelos
428 674 477 746 qui
492 672 673 729 transcendit
688 690 776 745 super
790 673 874 741 altos,
1001 674 1175 729 Sanctorum
1190 691 1241 747 per
1256 674 1341 730 erecta
1356 676 1462 746 pedum
1479 676 1530 731 tibi
1547 676 1602 732 rite
1616 674 1797 731 scabellum.

124 764 182 819 llec
197 763 293 818 veniet
306 763 399 819 iudex
415 763 509 817 l'orma
524 778 582 833 que
597 762 691 833 pergit
708 763 743 816 ad
760 763 860 816 athre.
1036 762 1195 834 Postquam
1212 768 1358 831 naturam,
1367 765 1431 834 jam
1447 765 1483 819 de
1496 765 1581 820 busto
1596 764 1773 831 redivivam,

159 851 241 906 Hunc
256 850 346 907 David
361 851 509 906 Christum
525 867 646 905 cernens
663 867 751 922 snper
764 850 855 904 tethea
870 849 945 904 leva·
1001 851 1175 918 Humanam,
1194 851 1266 907 solie
1282 852 1415 907 ilbi-istus
1431 852 1523 908 Patris
1538 852 1637 908 intulit
1652 851 1725 920 alto,

121 938 284 995 Commovit
297 939 450 1004 citharam,
463 939 561 993 divina
576 939 662 994 laude
678 938 828 1009 repletam,
858 937 944 1010 lirun,
1001 941 1108 992 Omnes
1124 938 1260 1010 angelica
1276 938 1331 994 snb
1347 939 1439 995 missa
1453 957 1521 995 voce
1536 944 1656 995 caterva

122 1029 187 1084 llrec
202 1033 230 1083 et
246 1028 347 1083 laetitia
361 1028 487 1082 cantavit
503 1044 630 1098 congrue
646 1044 752 1098 magna
769 1043 775 1079 :
1001 1027 1173 1082 Laudabant
1188 1027 1295 1099 ipsum,
1312 1029 1372 1100 qui,
1391 1033 1563 1100 regnaturus
1577 1028 1606 1082 in
1623 1046 1732 1094 arvum,

121 1117 260 1172 Ascendit
276 1117 352 1170 Deus
366 1115 396 1170 iu
408 1115 503 1186 jubila
519 1133 644 1187 tnagnns
660 1133 748 1187 super
762 1120 850 1180 nstra,
1001 1117 1121 1171 Martem
1138 1116 1243 1171 tleeivit
1259 1117 1396 1185 interiens,
1410 1119 1613 1191 mundumque
1629 1118 1770 1185 redemit,

122 1205 242 1261 Scandit
256 1205 344 1276 inque
359 1206 434 1260 table
451 1203 583 1260 Dominis
599 1204 733 1276 clangere
748 1209 866 1258 sacrata
999 1204 1036 1259 Ut
1048 1221 1168 1274 regnare
1183 1222 1252 1260 snos
1270 1206 1375 1260 laceret
1390 1223 1440 1277 per
1454 1205 1561 1261 sucula
1575 1223 1686 1261 serres.

159 1294 226 1348 Post
241 1293 302 1349 haic
317 1292 445 1348 intonuit
460 1292 532 1347 solio
547 1310 600 1346 von
617 1292 708 1347 Patris
724 1293 759 1347 ab
776 1291 845 1360 alto,
1036 1292 1101 1347 lllec
1116 1293 1284 1365 quicunque
1299 1293 1386 1366 legat,
1400 1293 1548 1349 miserenti
1565 1299 1683 1367 pectore
1699 1296 1782 1350 dicat
1799 1313 1807 1349 ε

122 1381 227 1438 Dicens
242 1383 277 1438 ad
295 1381 444 1454 preprium
461 1380 558 1436 divine
576 1380 683 1436 tamine
699 1382 805 1436 Netum
823 1398 829 1434 :
1000 1384 1059 1437 llex
1076 1382 1131 1453 pie,
1148 1382 1286 1437 Ilresrita
1302 1400 1424 1454 parcens
1440 1381 1577 1439 miserere
1592 1382 1726 1451 urisellac,

121 1473 165 1527 Tu
182 1486 265 1526 meus
280 1486 311 1526 ee
327 1470 434 1525 charus
450 1472 578 1541 percerte
595 1468 684 1524 Filius
698 1486 786 1535 unus,
999 1471 1034 1526 Et
1047 1471 1091 1525 l'ac
1106 1469 1213 1526 divinis
1229 1471 1383 1542 persistere
1398 1464 1512 1526 collitus
1528 1472 1591 1527 odis

121 1560 241 1631 Semper
250 1559 317 1630 jure
333 1557 405 1612 mibi
420 1557 470 1629 qui
487 1557 613 1612 maltum
630 1557 844 1630 complacuisti.
999 1559 1089 1626 llane,
1105 1575 1169 1631 quta
1184 1558 1329 1615 laudando
1345 1559 1450 1616 cecinit
1466 1564 1515 1615 tua
1530 1560 1606 1617 iacta
1620 1562 1785 1634 stupenda.

120 1649 165 1705 Tu
180 1646 244 1703 eine
258 1645 413 1719 principia,
424 1645 552 1703 Verbum
569 1644 661 1701 Patris
677 1662 793 1719 quoque
813 1664 924 1714 verum,

610 1969 689 2022 itta
713 1963 992 2026 attoultnrtrlttt
1015 1965 1053 2025 lN
1079 1964 1333 2026 onnoetrnn.

153 2259 320 2331 (lampetius,
331 2275 370 2314 ea
378 2256 467 2314 nobili
478 2256 714 2326 Burprtndiorum
726 2272 846 2326 requam
855 2257 968 2328 [amilio
979 2258 1006 2313 et
1017 2259 1156 2328 sanguine
1167 2265 1263 2324 natat,
1275 2266 1302 2312 et
1313 2256 1342 2311 in
1354 2258 1494 2328 religione
1504 2259 1672 2316 Caristiana
1682 2262 1833 2332 initiatus,

118 2350 138 2390 a
151 2347 281 2402 paupere
295 2330 419 2403 quadum
434 2329 542 2384 rustice
557 2328 716 2392 bartolum,
726 2345 793 2384 cum
812 2330 891 2400 [onte
911 2330 1113 2396 amenissima,
1129 2338 1253 2395 cinerat,
1268 2329 1351 2399 cujus
1362 2331 1558 2386 arcersitorem
1575 2335 1738 2390 ttrosettna
1762 2339 1830 2404 pul-

116 2405 263 2462 cterrtme
277 2401 421 2458 describit.
440 2406 473 2457 ln
487 2406 563 2455 lrrtne
576 2401 736 2467 licitatum,
750 2401 891 2456 orationis
901 2410 928 2456 et
941 2402 1132 2458 relaxationis
1147 2400 1239 2455 uninri
1253 2400 1360 2470 pratia,
1375 2401 1445 2457 tlara
1468 2403 1504 2457 ab
1526 2404 1618 2459 armis
1632 2413 1662 2460 el
1676 2409 1830 2476 republica

116 2483 247 2541 uacaret,
262 2474 364 2529 salitus
377 2481 441 2528 erat
451 2471 617 2540 contaedere,
632 2487 719 2543 quam
734 2488 797 2526 rem
810 2473 974 2544 familiares
994 2475 1041 2529 tui
1054 2477 1234 2527 veliementer
1247 2472 1380 2529 oderent.
1396 2478 1517 2530 Factam
1539 2475 1632 2545 igitur
1646 2486 1702 2544 est,
1716 2487 1750 2533 ut
1763 2480 1829 2547 [aas

117 2547 292 2614 eaatntitsel,
308 2560 397 2617 quem,
406 2544 464 2612 ille,
479 2543 579 2600 baculo
593 2541 622 2598 in
638 2551 750 2599 terram
763 2545 832 2613 flea,
847 2561 950 2600 rursus
976 2545 1143 2616 largissima
1156 2560 1228 2599 cena
1242 2544 1381 2616 restituit,
1397 2545 1439 2599 ita
1453 2552 1485 2599 ut
1499 2544 1577 2600 illius
1600 2549 1681 2614 anda
1694 2551 1829 2608 manicam

116 2621 285 2676 ruariorum
294 2625 398 2685 pestes,
411 2616 609 2672 imarientium
618 2622 646 2670 et
658 2615 816 2669 lauantiant
826 2618 953 2687 superet.
966 2617 1104 2683 Tandem,
1114 2631 1237 2670 anatem
1249 2615 1366 2686 durent,
1376 2633 1438 2687 quta
1450 2616 1626 2674 incontinens
1639 2628 1667 2675 et
1677 2621 1829 2689 impudica

116 2690 229 2765 suerat,
240 2690 271 2745 in
285 2704 440 2758 amoreque
452 2686 610 2742 satellitum
623 2702 744 2741 suarum
758 2687 868 2758 effrena
883 2687 1001 2742 libidine
1012 2688 1205 2753 debaccbala;
1219 2687 1294 2758 qtlatl
1308 2702 1374 2742 cren
1387 2695 1487 2743 sancta
1500 2689 1574 2756 viro,
1585 2692 1739 2761 conpulso,
1752 2710 1828 2750 com.

115 2771 233 2832 vertum
246 2761 359 2830 suisset,
376 2760 457 2815 illam
472 2760 507 2814 tle
522 2758 728 2813 incontinentia
741 2759 894 2826 corripuit,
910 2758 963 2814 illa
977 2774 1030 2828 per
1043 2760 1180 2814 satellites
1193 2757 1312 2813 insidias
1325 2760 1466 2829 Geapolsu
1478 2762 1598 2831 struxit,
1611 2771 1639 2816 el
1654 2764 1766 2820 abillis
1781 2767 1828 2822 ia·

117 2833 265 2903 terfectnr,
283 2833 394 2901 spiritns
409 2829 438 2886 in
452 2833 522 2899 loco,
537 2829 587 2900 (μα’
600 2828 647 2885 tttt
661 2837 742 2885 terra
756 2829 873 2898 elicitur,
886 2830 1036 2886 miraculis
1050 2831 1172 2886 clarens.
1186 2831 1270 2902 (litati
1279 2845 1344 2885 cum
1358 2832 1481 2887 relatum
1495 2833 1534 2887 at
1546 2835 1687 2900 danuam,
1701 2851 1828 2893 uxorem

116 2921 210 2974 suarii,
225 2903 338 2974 suisset,
354 2904 437 2972 tidem
452 2901 603 2956 miraculis
618 2901 680 2970 ejus
696 2902 830 2968 dereaat,
843 2902 1042 2974 orbatumque
1055 2918 1112 2958 noa
1134 2917 1227 2969 secus,
1242 2909 1274 2956 al
1288 2903 1397 2958 ventris
1422 2903 1470 2958 sai
1492 2904 1647 2975 crepitum,
1662 2907 1827 2978 existimat,

117 2978 312 3050 (luamabrem
326 2976 356 3029 in
369 2989 458 3044 paena
472 2972 624 3043 perfidiam
638 2983 737 3028 venter
749 2973 803 3044 llll,
819 2973 913 3044 qttcatl
926 2973 1045 3045 eiceret,
1058 2979 1197 3043 perpetua
1211 2975 1356 3042 crepabat.

690 3208 902 3268 PtlAEFntto
922 3208 963 3268 ΙΝ
986 3206 1241 3270 GdNGOLFUlll.

117 3371 139 3426 0
155 3368 201 3441 pie
216 3366 377 3433 Luctantur,
394 3364 496 3420 mundi
513 3380 669 3435 rerumque
685 3364 813 3432 Paratur,
954 3366 978 3432 Β
1028 3368 1067 3421 Ut
1082 3366 1172 3421 fixum
1189 3365 1272 3439 digiti
1288 3365 1339 3421 liat
1352 3383 1426 3438 opus
1442 3366 1560 3439 proprii,

153 3455 207 3524 Qui
221 3451 327 3509 coelum
343 3450 440 3525 pingia
456 3451 601 3507 sideribus
615 3451 714 3519 variis,
995 3455 1040 3510 'l'n
1055 3454 1176 3528 dignare
1191 3461 1246 3510 ture
1262 3455 1435 3527 pertundere
1451 3457 1538 3511 corda
1552 3455 1690 3524 lamella,

118 3543 204 3601 Solus
219 3545 249 3598 et
261 3540 402 3615 astrigera
417 3556 542 3614 regnans
559 3539 720 3596 dominaris
735 3540 764 3596 in
780 3540 847 3598 nula
995 3543 1167 3613 Hrosvitba,
1185 3544 1309 3600 rorentis
1325 3544 1371 3616 pie
1388 3545 1528 3618 gratiale,

154 3631 278 3690 Lumine
294 3633 400 3686 cuncta
413 3632 526 3696 tenens,
544 3628 725 3702 imperioque
740 3647 852 3702 regens,
996 3634 1074 3690 toa
1088 3631 1221 3689 Carmine
1232 3649 1289 3705 quo
1299 3638 1415 3706 compte
1424 3632 1535 3689 vaticam
1547 3635 1595 3707 pia
1605 3652 1739 3710 pangere
1750 3638 1827 3696 iacta

117 3725 171 3792 Tu,
188 3720 238 3795 qni
254 3738 306 3794 per
320 3718 471 3793 preprium
482 3717 576 3774 iecisti
593 3718 700 3775 secula
714 3719 831 3788 Natum,
1030 3721 1129 3777 Sancti
1144 3721 1286 3794 Gangold,
1303 3721 1439 3794 martyris
1454 3722 1573 3797 egregii,

151 3813 187 3869 ut
201 3826 299 3867 rernm
314 3808 423 3865 trinam
439 3825 473 3865 cx
488 3806 578 3863 nihilo
593 3806 772 3878 machinam,
995 3810 1031 3866 nt
1045 3809 1165 3865 laudare
1179 3814 1265 3865 tunm
1280 3827 1395 3882 semper
1410 3828 1514 3867 nomen
1531 3811 1736 3884 benedictum,

116 3899 228 3972 Quique
243 3896 433 3972 protoplasto,
450 3897 486 3953 de
500 3901 579 3953 terra
593 3896 647 3952 rite
662 3901 768 3965 creato,
1031 3899 1085 3966 Qui
1101 3903 1167 3971 pest
1181 3898 1258 3954 bella
1273 3898 1331 3954 tuis
1346 3902 1429 3973 grata
1443 3899 1528 3955 dabis
1543 3900 1665 3957 famulis

150 3987 216 4045 Oris
231 3986 321 4044 divini
336 3990 453 4043 nectare
468 4000 573 4057 nempe
588 3985 630 4042 tui
996 3987 1127 4055 Praemia,
1144 3987 1303 4060 perspicuae
1321 3987 1400 4044 tenui
1415 4005 1467 4061 pro
1483 3988 1602 4045 vulnere
1614 3991 1694 4059 vilre,

115 4079 226 4135 Sensus
241 4073 360 4132 vitalem
376 4073 502 4133 sufflasti
518 4074 591 4131 larte
607 4073 761 4146 liquorem,
1032 4077 1176 4133 Mandane
1191 4075 1221 4132 in
1236 4093 1325 4150 regna
1340 4076 1434 4133 vivere
1450 4076 1579 4134 lucillae.

9 4414 59 4451 -‚
118 4316 445 4458 Passio
504 4317 828 4456 Sancti
863 4206 1284 4478 oannem
1351 4318 1826 4463 ttttttltttts

114 4565 257 4635 Tempore
271 4578 328 4634 que
343 4564 425 4636 regni
441 4563 533 4636 gessit
548 4562 690 4635 Pippinus
707 4563 755 4618 ltoi
959 4538 982 4607 G
997 4566 1142 4623 Gcrminis
1159 4571 1187 4622 et
1201 4565 1275 4622 lenti
1291 4582 1355 4622 sese
1368 4583 1425 4621 nen
1442 4567 1535 4622 eredit
1550 4566 1665 4631 honori,

152 4653 330 4709 Francorum
347 4655 463 4724 sceptra
478 4652 558 4725 regia
572 4669 624 4723 pro
640 4651 760 4725 popula.
1029 4655 1086 4712 Sed
1102 4655 1209 4711 transit
1223 4659 1253 4710 et
1267 4654 1381 4711 meritis
1396 4660 1522 4711 stemma
1538 4657 1584 4711 sui
1599 4657 1730 4728 generis.

113 4743 244 4814 turaque
259 4740 415 4815 magnifico
432 4740 505 4796 rexit
520 4739 689 4814 burgundia
704 4756 803 4814 regna,
995 4743 1106 4816 Inclyta
1120 4759 1188 4799 nam
1204 4743 1340 4816 genitrix,
1352 4742 1404 4799 tali
1421 4744 1480 4799 lelu
1497 4743 1543 4815 pie
1557 4743 1638 4813 ielix,

151 4830 303 4902 Subjectas
319 4830 410 4886 frenis
425 4830 480 4885 rite
497 4830 642 4885 domando
658 4829 730 4896 suis,
1030 4834 1062 4888 ln
1078 4830 1182 4887 mundi
1198 4830 1293 4887 lucem
1309 4830 1386 4886 ludit
1400 4835 1434 4886 ut
1444 4831 1520 4888 hanc
1535 4832 1681 4900 sebalem,

115 4921 257 4976 damasus
268 4919 386 4990 juvenis
402 4916 533 4974 nutritur
542 4919 677 4993 partibas
692 4918 760 4987 illis,
994 4921 1082 4976 Ocius
1097 4919 1228 4976 abluitur
1241 4919 1346 4976 vetulis
1360 4919 1537 4991 baptismate
1551 4920 1659 4994 culpis,

149 5006 249 5064 Armis
261 5007 447 5080 pravalibue,
465 5023 584 5079 carpere
600 5007 787 5079 conspicuus,
1029 5011 1107 5074 Quas
1123 5007 1318 5081 protoplastes
1334 5008 1486 5065 obtinuere
1502 5012 1612 5082 patres,

114 5098 239 5154 Nomine
254 5094 424 5169 (bangolfus,
442 5112 558 5152 merum
573 5096 717 5168 probitate
732 5101 884 5167 venustus,
994 5097 1167 5155 chrismatis
1183 5101 1333 5170 unguente
1349 5097 1457 5169 scripte
1474 5097 1529 5154 sibi
1545 5098 1703 5172 fronteque
1726 5103 1821 5183 signe,

149 5183 296 5243 Omnibus
312 5184 360 5242 hia
372 5183 469 5243 clarus
484 5184 598 5241 exstitit
611 5189 639 5241 et
654 5184 799 5257 placidus.
1028 5185 1146 5242 decitur
1160 5186 1239 5242 natis
1253 5185 1388 5242 Ecclesiae
1403 5185 1518 5255 nitidis,

114 5273 200 5330 lllum
216 5290 320 5346 nempe
336 5275 433 5331 lerunt
446 5277 544 5345 ertum
559 5272 595 5328 de
609 5273 741 5347 germine
753 5291 866 5347 regum,
995 5274 1127 5331 Pascitur
1141 5279 1169 5330 et
1184 5273 1276 5348 plena
1292 5275 1359 5330 ddci
1375 5291 1443 5330 mox
1458 5274 1594 5349 dogmate
1607 5277 1705 5346 trina,

149 5360 346 5436 liegalemque
360 5362 424 5437 suis
440 5358 572 5420 moribus
588 5359 725 5435 egregiis.
1030 5365 1105 5421 Dum
1122 5363 1201 5435 vagit
1216 5380 1292 5419 euna
1307 5378 1427 5436 corpore
1442 5364 1575 5422 lacteolo.

118 5451 212 5522 ipsius
228 5451 360 5507 emetris
374 5438 486 5524 grentio
503 5467 570 5523 spes
585 5451 693 5523 pendet
707 5450 737 5507 in
753 5451 813 5520 illa,
995 5456 1052 5510 Lac
1065 5451 1200 5525 quotiens
1214 5453 1302 5520 suxit,
1320 5452 1427 5510 totiens
1442 5453 1510 5509 fidei
1527 5472 1612 5511 sacra
1627 5458 1770 5530 sumpsit,

151 5538 205 5605 Qui
222 5540 308 5595 verba
323 5532 428 5622 cuncta
443 5538 574 5637 cpndidit
589 5556 623 5597 ex
639 5538 742 5608 nihile,
1030 5544 1199 5615 Suspensus
1212 5541 1315 5598 matris
1330 5541 1471 5598 uberibus
1486 5545 1621 5615 geminis.
