3900 6090
91 282 175 346 roos
216 268 218 272 ’
572 283 779 348 nouorum
801 284 887 346 sax.
911 319 950 329 -
970 283 1024 357 ιιι.
1048 285 1324 352 conuiuaeeus
1717 289 1797 356 rooe

405 433 611 475 caauuacuus.
933 429 961 495 Α
1303 437 1478 481 annueramus.

130 506 233 564 Adhuc
242 524 300 563 non
311 508 404 579 reperi
414 509 597 565 occasionem
608 507 764 577 irascendi;
773 507 842 581 quia
851 507 923 581 quid
1011 507 1132 579 agnovi,
1149 508 1262 582 tibique
1276 509 1441 582 enucleam,
1456 513 1481 567 si
1498 512 1616 584 quando
1630 528 1665 569 ex
1679 511 1800 569 tristitia

95 609 161 653 mea
175 596 205 653 in
222 600 251 652 te
261 600 329 670 agat
345 595 462 653 dilectio
478 597 551 653 l‘orte
566 597 715 653 erubescis
730 596 825 653 lateri.
976 594 1031 652 hae
1046 596 1257 655 convalescam.

433 703 587 743 noueram.
1323 707 1447 747 seruans.

130 772 209 830 Nibil
224 771 304 829 aliud
321 774 377 831 nisi
393 775 635 849 indignationem.
1009 776 1200 847 Accedamus,
1212 778 1424 850 exsequiasque
1436 778 1592 852 diligenter
1607 776 1799 836 celebremus.

403 881 612 921 caeninacuus.
1300 884 1474 924 aaoaorrcos.

131 953 221 1010 Credo
235 957 263 1009 te
277 953 327 1012 25
344 952 420 1010 hanc
435 952 610 1010 sententiam
626 957 771 1010 mutatum
788 953 839 1009 ire.
1011 951 1189 1010 Marmorum
1218 954 1248 1010 in
1271 954 1402 1027 proximo
1426 953 1594 1028 sepulcrum
1618 954 1753 1026 habetur,
1770 955 1801 1013 in

429 1060 582 1100 nausiam.
976 1042 1054 1112 quod
1080 1042 1171 1098 funus
1195 1047 1337 1116 ponatur;
1360 1043 1556 1116 servandique
1579 1060 1649 1100 cura
1674 1043 1802 1117 sepulcri

131 1133 194 1190 Non
211 1133 331 1190 mutabo
346 1149 398 1205 pro
413 1137 503 1190 certo.
978 1129 1136 1189 Fortunato
1153 1136 1252 1189 nostro
1267 1130 1452 1205 relinquatur
1465 1131 1657 1206 procuratori.

404 1239 610 1281 mmrsracuus.
1324 1240 1446 1279 sosares.

131 1312 225 1370 Forte.
1010 1308 1097 1367 Decet
1109 1314 1142 1367 ut
1156 1311 1320 1369 tumuletur
1334 1311 1589 1369 honoriliceDeus
1604 1310 1732 1371 letificet
1742 1312 1803 1371 ani·

428 1418 585 1459 unusual.
975 1413 1054 1455 mam
1069 1398 1099 1454 in
1114 1401 1224 1472 requie.

129 1492 152 1548 0
166 1491 315 1548 insensate
325 1493 354 1547 et
364 1492 481 1548 amcnsl
498 1492 557 1548 Cur
570 1489 706 1547 falleris?
721 1490 815 1548 Gurte
827 1505 920 1547 vacua
1297 1490 1413 1548 SGDNA
1430 1490 1478 1548 Vl.

93 1596 145 1655 spe
159 1580 280 1638 illudis?
294 1581 355 1647 Duo
369 1585 466 1653 pacto,
483 1599 541 1654 qua
555 1580 704 1639 dementia
718 1580 791 1637 reris
803 1596 851 1636 me
861 1583 918 1636 tua
1295 1597 1485 1638 centimanus.

93 1672 195 1728 cedere
209 1670 381 1743 nugacitati,
394 1687 458 1743 qua
475 1688 526 1744 per
540 1670 669 1727 multum
686 1669 827 1743 temporis
842 1687 859 1726 a
877 1668 918 1726 le·
1008 1667 1081 1734 Quid
1097 1668 1156 1737 liet,
1173 1670 1339 1739 Fortunate,
1364 1670 1435 1745 quia
1456 1686 1508 1726 nec
1532 1674 1625 1726 morte
1647 1669 1799 1727 Drusiana

93 1760 168 1834 galis
180 1764 244 1817 toro
257 1759 311 1815 viri
327 1774 374 1814 me
384 1759 537 1816 abstinuit
972 1756 1099 1813 revocari
1115 1773 1236 1829 possum
1253 1759 1289 1814 ab
1305 1758 1428 1816 amore?

409 1865 607 1906 maturamus
1299 1864 1478 1905 roaruaarus.

130 1939 203 1996 th
216 1938 308 1996 Deum
323 1943 411 2010 atque
428 1938 583 1996 hominum
599 1937 702 1995 lldemt
728 1938 752 1995 si
776 1954 835 1994 non
850 1954 919 1995 con·
1011 1934 1186 1992 Miserabile.

93 2028 231 2097 senseris,
256 2044 313 2085 nou
338 2027 500 2100 quiescam,
528 2045 586 2084 non
610 2027 763 2096 desistam,
779 2027 872 2085 donee
891 2031 920 2084 tc
1294 2042 1482 2083 matidianus.

93 2117 232 2191 captiosis
247 2115 474 2174 circumveniam
489 2117 616 2174 insidiis.
1010 2113 1097 2170 Pereo
1112 2113 1169 2171 nisi
1184 2130 1231 2172 mc
1247 2114 1366 2187 adjuvet
1380 2119 1432 2171 tua
1445 2114 1603 2173 industria.

418 2204 532 2262 SGDNA
551 2205 597 2263 lV.
1296 2222 1474 2262 roaruuaros.

428 2311 579 2352 nausiam.
1010 2295 1043 2349 ln
1059 2310 1117 2366 quo
1133 2310 1255 2367 possum
1272 2294 1431 2366 adjuvare?

129 2385 171 2441 Dh
187 2384 258 2440 heu!
275 2384 397 2441 Domine
412 2384 482 2441 Jesu
498 2384 622 2455 Christe,
638 2384 708 2457 quid
727 2385 848 2457 prodest
872 2400 919 2441 ca-
1295 2401 1483 2442 anternacum.

93 2472 201 2529 stitutis
217 2471 426 2546 professionem
442 2472 579 2542 subiisse,
604 2489 672 2529 eum
688 2473 714 2529 is
729 2489 832 2530 amens
855 2488 921 2531 mee
1010 2472 1043 2526 ln
1059 2488 1092 2529 eo
1108 2477 1141 2527 ut
1155 2471 1200 2529 vel
1214 2477 1362 2529 mortuam
1378 2488 1425 2529 me
1440 2472 1530 2529 iacias
1544 2473 1651 2529 videre.

94 2563 233 2635 deeeptus
247 2565 292 2618 est
306 2561 423 2633 speciei
447 2561 578 2631 intende,
603 2561 735 2631 Domine,
753 2562 810 2618 mei
832 2562 919 2619 timo·
1299 2578 1478 2617 roaroaarns.

94 2667 167 2719 rem,
184 2651 304 2707 intende
331 2666 419 2724 quem
447 2651 543 2723 patior
566 2650 709 2708 dolorem.
730 2651 805 2720 Quid
834 2651 919 2721 mihi,
1010 2650 1122 2724 Corpus
1136 2650 1233 2707 adhuc
1248 2651 1395 2723 integrum
1410 2654 1520 2717 manet,
1535 2654 1567 2706 ut
1583 2650 1735 2722 reor,quia
1749 2651 1800 2709 20

94 2740 165 2813 quid
193 2740 341 2812 agendum
370 2741 419 2810 sit,
449 2741 562 2814 ignoro.
588 2740 618 2797 Si
643 2740 808 2814 prodidero,
827 2740 920 2798 civilis
975 2755 1032 2795 non
1048 2737 1189 2812 languore
1204 2755 1336 2808 exesum,
1351 2738 1402 2794 sed
1419 2737 1485 2810 levi,
1501 2742 1534 2795 ut
1547 2738 1743 2812 experiebare,
1761 2740 1800 2795 le·

94 2846 147 2902 per
173 2844 221 2885 me
249 2829 299 2885 fiet
327 2829 491 2899 discordia;
516 2831 541 2886 si
565 2830 694 2888 celavero
723 2830 839 2887 insidiis
861 2830 921 2888 dia·
975 2826 1241 2885 brcestsolutum.

94 2918 198 2976 helicis
221 2918 286 2975 sine
310 2923 338 2976 te
363 2919 502 2992 refragari
527 2936 649 2992 nequeo.
666 2919 741 2977 lube
766 2936 813 2977 me
828 2919 857 2975 in
880 2925 919 2991 te,
1294 2935 1482 2975 cineraceam.

94 3008 220 3079 Christe,
236 3007 318 3065 ocius
334 3008 547 3080 mori,uel1am
563 3009 593 3064 in
609 3008 724 3065 ruinam
740 3008 863 3067 delicato
874 3009 922 3082 ju·
1012 3005 1034 3062 0
1051 3023 1098 3063 mc
1113 3004 1237 3075 felicem,
1254 3006 1279 3062 si
1295 3023 1427 3078 unquam
1442 3005 1603 3079 experirer!

96 3098 173 3154 veni.
1300 3111 1481 3152 rouruairos.

408 3204 602 3245 annnorucus.
932 3186 955 3254 c
1009 3183 1039 3240 Si
1054 3182 1184 3256 placabis
1199 3184 1382 3253 munoribus,
1395 3184 1501 3241 dedam
1518 3183 1591 3241 illud
1607 3183 1665 3241 tuis
1680 3185 1797 3242 usibus.

129 3276 177 3332 Vae
194 3276 267 3333 mihi
283 3277 477 3334 infortunato!
503 3279 544 3334 Dx
568 3277 726 3350 improviso
753 3283 870 3336 mortua
891 3295 923 3336 es
1298 3291 1485 3330 citnraicnus.

94 3365 248 3424 Drusiana.
265 3365 366 3436 Curre,
378 3372 574 3439 sanctumque
589 3367 733 3424 loannem
749 3368 867 3426 advoco.
1012 3365 1080 3429 Qum
1095 3362 1125 3418 in
1140 3362 1277 3435 prasenti
1288 3362 1325 3418 ad
1337 3379 1442 3419 monus
1456 3362 1548 3419 habeo
1562 3363 1680 3420 interim
1691 3361 1800 3437 accipe,

430 3456 546 3513 SCDNA
564 3456 588 3510 V
977 3468 1030 3510 nee
1044 3451 1161 3509 diffidas
1176 3451 1312 3508 temnite
1327 3453 1440 3523 majora
1454 3456 1643 3525 accepturum
1659 3453 1729 3510 lore.

443 3562 578 3602 uoaunss.
1300 3558 1478 3598 rouromrus.

131 3635 190 3692 Gur
203 3634 330 3693 nimium
340 3634 740 3704 constristaris,hudrouicct
754 3636 812 3693 Gur
826 3636 923 3694 iluunt
1012 3631 1122 3689 Damus
1134 3630 1201 3688 cito.

98 3723 253 3799 lacrymat
1298 3744 1484 3785 emeramnus.

418 3830 602 3872 asoaoarcus
1013 3822 1046 3876 ln
1063 3835 1109 3877 me
1125 3835 1183 3876 non
1198 3817 1255 3875 erit
1264 3832 1356 3874 mora.

133 3903 209 3960 Heui
226 3903 298 3960 heu!
314 3904 443 3972 domine,
457 3905 549 3961 taedco
563 3904 629 3960 vitae
640 3905 773 3978 propriae.
1059 3930 1062 3934 ⁴
1294 3905 1408 3963 sceda
1426 3904 1484 3962 Vlr.

442 4010 577 4050 ioannes.
1327 4011 1450 4051 sornam.

135 4081 210 4149 Quid
225 4082 354 4155 pateris‘l
1014 4090 1102 4145 Decce
1117 4103 1223 4160 corpus
1240 4102 1247 4139 :
1264 4100 1317 4141 nec
1330 4083 1419 4141 iacies
1433 4082 1617 4154 cadaverosa,
1633 4099 1686 4142 neo
1708 4100 1804 4143 mem-

414 4188 607 4230 auosorucus.
979 4173 1034 4235 bra¹
1048 4179 1119 4235 suut
1131 4175 1250 4244 tabida;
1267 4177 1349 4230 utere
1363 4172 1492 4230 utlibet.

135 4259 289 4330 Drusiana,
301 4262 344 4317 tui
360 4261 473 4318 assecla
476 4303 531 4318 .....
1298 4281 1486 4321 cmcruacnns.

444 4365 579 4406 JOANNBS·
1015 4359 1038 4415 0
1053 4357 1208 4422 Drusiana,
1224 4352 1379 4421 Drusiana,
1394 4369 1451 4425 quo
1467 4352 1571 4409 affectu
1586 4353 1683 4410 cordis
1708 4357 1744 4409 te·
1756 4369 1804 4410 eo·

135 4438 223 4495 Estne
238 4438 357 4497 homine
372 4439 481 4495 oxum?
980 4447 1033 4514 lui,
1049 4463 1108 4520 qua
1122 4442 1289 4503 sinceritate
1306 4441 1470 4498 dilectionis
1480 4445 1510 4497 te
1523 4440 1634 4497 viscera
1645 4444 1732 4499 tenus
1747 4457 1808 4498 am-

415 4545 608 4586 auneomcus·
941 4536 1114 4626 Dplexatus
1139 4533 1195 4589 lull
1222 4532 1258 4588 lit
1282 4535 1314 4587 tu
1339 4547 1456 4604 semper
1480 4529 1624 4601 abjecisti,
1639 4530 1714 4587 meis
1732 4532 1808 4589 votis

138 4616 227 4676 Hem!
245 4622 300 4675 esi·
980 4622 1192 4684 contradixisti.
1208 4621 1292 4677 Nune
1320 4619 1351 4674 in
1379 4636 1445 4676 mea
1472 4618 1563 4674 situm
1591 4621 1636 4675 est
1664 4622 1807 4692 potestate

449 4725 586 4765 ioannes.
983 4712 1175 4788 quantislibet
1189 4709 1306 4782 injuriis
1322 4712 1351 4764 te
1365 4707 1452 4763 velim
1468 4705 1620 4764 lacessere.

137 4796 263 4853 Multum
280 4795 463 4854 disconvenit
477 4802 510 4854 ut
526 4814 578 4870 pro
593 4797 640 4853 his
655 4798 818 4855 tundantur
836 4799 928 4875 laery·
1307 4812 1488 4852 romualdus·

101 4902 303 4959 mae‚quorum
317 4886 432 4943 animas
448 4888 597 4943 credimus
612 4886 703 4942 latori
719 4888 748 4943 in
765 4890 874 4962 requie.
1018 4893 1065 4960 at,
1077 4890 1120 4947 at!
1138 4886 1287 4946 horribilis
1301 4900 1423 4958 serpeus
1439 4883 1550 4941 invadit
1565 4901 1628 4943 nos.

418 4991 611 5032 aanaoumus.
1303 4989 1491 5031 cousinianus.

137 5063 199 5120 Non
216 5063 349 5121 dubitem
360 5061 432 5121 licet
448 5064 530 5137 quin,
547 5063 715 5129 messoris,
730 5063 830 5122 anima
845 5072 929 5125 acter-
1018 5069 1069 5126 lloi
1086 5065 1176 5123 mihil
1195 5066 1361 5131 Fortunate,
1376 5079 1486 5119 curme
1501 5063 1660 5136 decepisti?
1684 5063 1743 5121 Gur
1761 5064 1809 5121 de·

101 5151 209 5210 naliter
220 5153 336 5211 laetetur
350 5169 515 5228 corpusque
531 5153 707 5226 quandoque
727 5154 929 5229 incorruptum
986 5156 1120 5216 tostabile
1135 5153 1232 5211 seclus
1243 5151 1435 5225 persuasisti?
1450 5152 1539 5221 Dn,tu
1550 5153 1684 5209 morieris
1694 5170 1810 5226 serpen·

102 5243 365 5313 resuscitetur,hoc
375 5249 474 5300 tamen
486 5260 533 5299 me
542 5242 731 5300 vehementer
744 5243 930 5318 exurit,quod
985 5249 1023 5304 tis
1038 5245 1167 5311 vulnere,
1180 5247 1209 5298 et
1218 5257 1271 5314 ego
1287 5239 1463 5296 commorior
1477 5257 1536 5313 pras
1550 5240 1664 5298 timore.

102 5331 168 5404 ipsa
183 5347 230 5388 me
245 5337 389 5404 prasente
404 5336 529 5389 mortem
545 5336 577 5387 ut
592 5331 743 5387 adveniret
752 5333 879 5404 optando
890 5334 932 5391 in·
1293 5327 1408 5384 SGDNA
1425 5327 1500 5384 Vlll·

102 5419 214 5478 vitavit.
1341 5434 1463 5477 uolasse.

449 5527 584 5568 ioannes.
1017 5513 1209 5580 Accedamus,
1232 5504 1406 5575 andronice,
1422 5506 1459 5562 ed
1482 5506 1631 5565 tumulum
1646 5507 1809 5586 Drusiana,

140 5598 293 5675 agnostin’
309 5599 451 5658 causam?
985 5623 1042 5682 quo
1059 5603 1188 5662 animam
1202 5595 1318 5656 Christo
1333 5596 1574 5654 commendemus
1590 5611 1684 5672 prece.
