3900 6090
123 345 184 404 ecs
576 344 626 406 nii
648 344 739 407 viri
760 344 921 411 ioannis
943 346 1108 409 lunaris
1133 312 1371 411 coneinnsis.
1764 349 1824 410 aie

124 475 263 532 nerabilis
278 477 378 531 domni
394 476 887 552 Adelberonist'iiitFredericiis‚qiii
902 481 945 534 iii·
962 484 988 547 Α
1038 483 1082 534 57.
1099 482 1140 536 nd
1157 481 1233 537 idem
1247 483 1337 537 lerina
1353 488 1479 554 tompus,
1497 485 1643 555 specimen
1660 488 1691 538 ut
1716 483 1758 537 ita
1780 483 1823 536 di·

122 565 664 637 l'antulnsqnidommonasteriosaiicti
674 568 948 639 lliiiiiberti¹³³¹ibtltll
1003 587 1067 624 cuni
1082 576 1110 624 ot
1126 572 1178 625 llos
1194 572 1258 641 ojus
1273 572 1350 642 quad
1361 576 1430 626 tnnc
1446 572 1572 627 calcetis
1583 570 1824 645 compingebatur

120 656 217 710 fuerat
228 654 423 727 mancipatus,
431 655 482 711 sed
499 654 588 710 simili
597 656 709 711 ceteris
721 656 765 690 ¹⁵⁷²
776 655 838 711 loco
847 672 948 712 carnin
1004 657 1825 733 sertijucnndisesimnsatquespectatudignissimusitit·

121 742 224 797 inorbo
233 740 369 815 pallente,
379 742 697 815 ipsequcniadniodum
707 745 853 815 majorum
863 745 949 800 duce
1003 746 1178 818 gilramnus,
1191 746 1285 819 prime
1301 746 1459 816 Tullensis,
1471 749 1576 804 deinde
1591 753 1699 804 sanctae
1710 761 1827 822 quoquc

121 832 221 899 batur,
243 831 394 903 exemplis,
419 831 619 889 indifferenter
643 832 742 889 seculo
766 833 945 890 convivebat.
1004 835 1143 891 Matensis
1158 835 1294 891 aecclesia
1308 837 1503 909 primiceriae,
1518 836 1707 893 nobilitateet
1722 837 1827 910 opibus

120 920 248 992 Eratque
262 921 297 975 ad
315 920 342 974 id
360 921 511 993 temporis,
525 922 596 994 qnia
606 922 671 992 Jam
686 922 849 977 admodum
864 927 947 978 atate
1002 939 1036 979 ea
1051 928 1144 992 aetate,
1162 923 1299 996 quodque
1314 928 1527 998 consequenter
1543 925 1617 980 satis
1634 928 1712 980 esset
1728 923 1827 997 gloria

120 1013 313 1081 processerat,
330 1014 358 1064 el
374 1026 549 1083 magnorum
569 1016 720 1083 quantum
746 1011 781 1066 ad
804 1012 948 1067 secularia
1002 1016 1154 1084 prestans,
1170 1012 1262 1068 moles
1273 1029 1373 1068 secum
1393 1013 1457 1069 anri
1473 1018 1561 1084 atque
1576 1012 1688 1085 argenti
1704 1017 1826 1068 catera-

120 1109 264 1154 sensuum
280 1099 381 1170 virque
398 1099 562 1155 industrius
573 1100 736 1167 videbatur,
749 1101 885 1175 episcope
896 1102 946 1156 ad·
1002 1118 1058 1173 que
1074 1101 1208 1158 cumulos
1225 1100 1416 1175 supellectilis
1430 1102 1561 1171 trahens,
1578 1103 1672 1158 instar
1685 1101 1826 1174 primitivi

119 1186 179 1243 buc
190 1191 260 1243 tunc
266 1187 395 1258 junioris
403 1188 657 1256 artatisadherens
670 1190 756 1261 cujus
766 1193 796 1245 et
810 1189 946 1246 consultu
1001 1190 1081 1247 illins
1096 1189 1247 1264 apostolici
1258 1188 1358 1265 pepuli
1368 1192 1397 1247 iii
1408 1191 1825 1266 ususpauperumredigenda,

119 1276 260 1349 pleraque
279 1280 348 1332 tunc
360 1276 389 1331 iii
405 1277 553 1349 episcopio
564 1278 738 1350 agebantur.
750 1278 864 1334 Animis
874 1296 946 1352 prra-
1002 1284 1134 1336 sanctam
1150 1279 1230 1336 illam
1247 1281 1425 1336 societatem
1445 1281 1573 1353 expetiit.
1590 1279 1685 1347 Predii
1709 1295 1825 1354 quoquc

119 1369 249 1433 taceant
257 1381 322 1421 vere
332 1369 466 1438 patruus,
474 1366 703 1435 sevcrioribus,a
714 1366 848 1444 pluribus
856 1383 946 1439 quam
1001 1386 1058 1424 non
1076 1368 1234 1442 ignobilem
1250 1369 1447 1442 quantitatem
1463 1369 1641 1427 monasteria
1666 1371 1721 1427 sub
1736 1373 1826 1428 testa·

121 1470 192 1526 sepe
207 1470 266 1510 noa
283 1454 769 1527 necessariisjuvenilicmalimiaa
782 1458 944 1514 revocabat.
1002 1462 1100 1519 meiito
1111 1462 1251 1531 perpetue
1262 1458 1452 1515 obtinendam
1463 1457 1649 1516 contradidit.
1657 1460 1750 1533 Cujus
1761 1477 1825 1533 qua

119 1543 174 1599 Hic
188 1543 308 1599 tandem
324 1543 481 1616 aliquando
497 1559 597 1599 secum
613 1549 786 1612 retractans,
796 1562 863 1601 cuni
879 1551 947 1602 tan-
1001 1547 1190 1620 postmodnm
1208 1546 1553 1604 tuerintccnvcrsationis
1565 1548 1826 1622 insigniaquanta·

119 1639 183 1689 tam
199 1632 359 1689 eorundem
370 1632 498 1689 virorum
510 1633 559 1689 Dei
574 1633 686 1689 videret
696 1633 947 1702 instantiam,cer·
1001 1650 1057 1707 qne
1068 1634 1240 1691 fortitudine
1254 1635 1344 1690 robur
1354 1639 1501 1692 structure
1511 1636 1576 1709 ejus
1592 1637 1621 1693 iii
1637 1636 1783 1710 reliquum
1794 1654 1826 1695 sc

121 1723 158 1778 dc
181 1726 387 1794 compunctus,
413 1722 527 1778 cunctis
551 1738 614 1794 quae
639 1739 670 1779 se
694 1722 769 1779 male
795 1723 947 1779 illexerant
1001 1724 1138 1792 tonuerit,
1156 1723 1269 1796 gratius
1295 1724 1418 1780 forsitan
1441 1726 1588 1793 audietur,
1609 1726 1634 1782 si
1657 1726 1825 1800 priusque

120 1810 301 1884 posthabitis
316 1812 489 1882 commodis,
497 1810 579 1867 ocius
589 1811 631 1867 cis
645 1813 842 1869 accessithc
853 1812 946 1868 multo
1001 1811 1155 1884 paululum
1168 1812 1252 1866 initia
1263 1811 1464 1885 elusimpulsa
1473 1814 1824 1881 visasuntvacillasse¹⁵²²,

126 1904 195 1973 pasl
209 1898 266 1956 laci
281 1899 374 1972 ipsius
390 1901 565 1973 prepositus
583 1904 650 1972 post
673 1901 809 1957 abbatem
829 1903 873 1936 ¹⁶⁷³
889 1905 946 1957 sta·
1002 1901 1127 1956 breviter
1142 1901 1371 1973 perstringatur;
1388 1918 1455 1956 cuin
1472 1903 1633 1975 presertim
1650 1919 1823 1972 concussus,

126 1992 231 2058 luitur,
240 2007 273 2046 ac
287 1990 415 2046 domnus
430 1990 579 2045 lohannes
594 1989 620 2044 ci
644 1989 747 2046 solatio
772 1991 948 2063 subponitur
1002 2006 1060 2045 non
1077 1989 1202 2045 statione
1218 1991 1335 2060 penitus
1350 1990 1389 2044 sit
1403 1990 1585 2060 exturbatus,
1602 2007 1695 2064 eoque
1710 1993 1825 2048 ilrinius

123 2081 182 2134 ¹⁵⁷⁴.
190 2080 295 2134 Postea
309 2083 408 2135 antem
424 2079 662 2152 rogatuopiscepi
679 2079 751 2151 (381)
764 2079 947 2134 leodicensis
1002 2081 1103 2150 postea
1127 2079 1231 2151 peileiii
1257 2079 1361 2148 fixerit,
1378 2096 1435 2150 quo
1459 2080 1495 2135 ail
1510 2084 1627 2153 tempus
1642 2097 1707 2137 sese
1727 2080 1823 2155 negle·
1902 2086 1908 2093 '

123 2168 254 2224 Richarii
270 2167 449 2224 monasterie
464 2168 581 2240 proprio
596 2168 689 2223 sancti
699 2167 851 2224 lliimbeiti
867 2167 949 2223 rasti·
1002 2168 1118 2239 gentius
1135 2166 1231 2222 locuni
1248 2184 1335 2239 qneiii
1356 2174 1472 2240 ceperat
1486 2170 1656 2226 observasse
1680 2169 1822 2226 doluerat.

122 2261 206 2312 tutus
221 2263 250 2313 et
264 2255 390 2329 regulari
404 2256 505 2312 ordine
521 2256 612 2311 abbas
628 2257 792 2328 prefectus,
809 2255 946 2327 usquein
1036 2258 1081 2310 58.
1100 2256 1126 2311 le
1143 2257 1242 2328 itaque
1257 2256 1308 2311 ubi
1324 2273 1391 2312 curri
1410 2274 1443 2312 eo
1468 2275 1526 2329 qna
1551 2258 1679 2314 diximus
1703 2262 1824 2332 sumptu

120 2346 211 2400 finem
227 2344 365 2401 laudabili
382 2342 611 2400 conversationis
626 2343 721 2416 rigore
736 2360 797 2398 rarii
818 2343 946 2399 divinam
1002 2348 1157 2417 susceptus
1168 2348 1263 2412 osteo
1273 2345 1350 2416 qnod
1363 2344 1461 2418 ainpla
1476 2350 1538 2401 erat
1552 2363 1677 2419 persona
1687 2351 1715 2404 ct
1726 2364 1760 2403 cx
1775 2349 1824 2404 dc·

123 2433 237 2506 optime
252 2434 414 2489 monastico
430 2437 528 2489 tenore
542 2432 695 2488 continuit.
706 2430 947 2488 Sitnsest'lrcve·
1001 2431 1086 2500 liciis,
1104 2433 1276 2505 cunctisque
1291 2433 1421 2505 ipsorum
1435 2439 1503 2489 ante
1519 2435 1825 2505 notissimae,molliue

120 2523 162 2577 ris
179 2523 208 2577 in
225 2523 402 2579 monasterie
417 2522 512 2578 sancti
535 2519 696 2587 Maviiniai,
713 2538 771 2593 quo
793 2521 864 2576 dniii
889 2521 945 2577 sel·
1001 2521 1104 2576 celeris
1119 2521 1303 2576 tractabatur
1317 2525 1404 2592 atque
1427 2521 1633 2579 honorabatur.
1649 2523 1722 2581 Nam
1747 2530 1776 2582 et
1790 2541 1825 2582 eii

124 2609 286 2684 lempnitas
309 2610 503 2666 dedicationis
522 2609 597 2682 (382)
622 2627 689 2665 euin
713 2610 826 2679 invitat,
844 2611 946 2666 nierbo
1001 2610 1065 2681 ejus
1081 2608 1237 2665 clientibus
1245 2607 1337 2680 aliqui
1353 2609 1388 2664 ad
1399 2609 1475 2665 idem
1492 2612 1825 2683 seproposituaicontu-

120 2705 240 2774 repente
255 2717 394 2774 pervasus
414 2699 492 2755 dieni
517 2702 679 2754 extremum
706 2700 857 2772 ingressus
881 2705 945 2768 est;
1001 2695 1105 2751 lerant.
1123 2696 1187 2768 lpse
1202 2695 1323 2764 interca,
1339 2696 1381 2751 uti
1398 2697 1447 2768 qui
1469 2697 1593 2752 necdum
1617 2715 1706 2770 quani
1732 2697 1823 2755 semel

121 2806 255 2863 novaque
267 2806 340 2845 nove
355 2788 466 2844 lubrica
482 2786 609 2843 ccclesia
629 2805 701 2843 novo
725 2787 812 2860 ospiti
838 2804 945 2843 novum
1001 2783 1076 2840 niale
1092 2783 1253 2839 admiserat
1266 2782 1389 2856 gloriam
1405 2785 1529 2856 perlecto
1548 2785 1634 2842 corde
1649 2785 1822 2858 dispulerat,

121 2880 219 2952 prima
235 2878 332 2935 sinum
348 2877 473 2950 aperuit.
1000 2888 1185 2945 nequaqnam
1211 2888 1295 2944 aqua
1316 2871 1381 2928 aliis
1406 2874 1476 2945 pati,
1494 2877 1522 2929 at
1546 2890 1598 2946 pro
1619 2873 1665 2930 bis
1680 2889 1744 2945 qua
1760 2874 1823 2932 leco

155 2964 945 3040 56.Simili(ffltlmachirdancnsisacclesiiaprinius
1000 2960 1822 3036 contuleratpaulcincontinentiuselevari..tamquequod

119 3054 670 3129 abepiscopocuramherensOililo,vir
680 3055 942 3124 natalibusclarns,
999 3049 1450 3122 consequens,increpationibus
1462 3051 1631 3124 obstrepere
1647 3051 1822 3125 ¹⁵⁷³,correp

118 3143 259 3207 facultate
268 3143 688 3217 sufficiens,inrcbusagendis
699 3144 858 3199 admodum
870 3149 943 3199 stre·
999 3140 1128 3195 tionibus
1138 3138 1540 3211 nonadquiescera,ctutiqui
1554 3156 1585 3196 sc
1597 3139 1821 3197 minorescunc·

120 3252 209 3303 iiiios,
226 3238 256 3289 et
271 3233 295 3290 si
310 3232 449 3289 clericum
464 3233 537 3288 ferte
552 3249 609 3287 nan
622 3232 786 3305 impediret,
804 3232 883 3288 nullo
900 3215 981 3284 ¹⁸²⁸ss
1000 3233 1046 3284 tos
1059 3229 1231 3295 attenderet,
1248 3227 1333 3299 qnasi
1350 3228 1384 3282 de
1400 3228 1543 3300 superiori
1560 3226 1621 3284 loco
1645 3230 1821 3285 sententiam

119 3340 176 3397 quc
191 3322 295 3377 mundi
311 3322 368 3378 sert
382 3321 511 3376 ambitus
527 3320 581 3376 loci
603 3321 649 3376 sui
674 3321 812 3393 cuiquam
836 3322 940 3394 impar,
999 3319 1083 3385 lacre,
1101 3318 1151 3372 scd
1168 3321 1196 3372 et
1212 3317 1236 3372 si
1253 3316 1302 3388 qui
1318 3316 1392 3371 sorte
1407 3316 1578 3373 inllrmieris
1592 3317 1683 3373 animi
1702 3318 1759 3374 sibi
1770 3334 1821 3391 pre

119 3411 237 3469 cunctis
257 3409 316 3466 illis
340 3410 528 3466 mordacibus
552 3411 596 3446 ¹⁸³⁶
620 3410 699 3466 curis
721 3410 846 3481 rejectis,
875 3411 942 3466 huie
998 3406 1129 3462 moribus
1144 3403 1347 3472 accessissent,
1364 3421 1414 3460 cos
1429 3410 1530 3460 contra
1547 3407 1694 3478 majerum
1710 3406 1824 3480 prolata

118 3505 220 3558 sancte
236 3499 400 3573 paupertati
416 3515 527 3572 pauper
542 3499 647 3570 spiritu
657 3499 752 3554 sactus
767 3498 942 3568 eccontnlit,
997 3512 1050 3569 pro
1066 3493 1151 3549 libitu
1166 3493 1307 3548 contueri.
1323 3493 1365 3547 ild
1381 3493 1434 3548 hec
1451 3499 1534 3566 puter
1557 3495 1697 3552 Eincldus
1714 3495 1822 3552 caeteri-

118 3590 317 3664 exiguumque
331 3604 365 3644 ac
379 3586 435 3643 vile
449 3585 628 3659 stipendium
640 3586 753 3642 eunctis
768 3586 875 3642 secutis
885 3586 944 3660 epi·
999 3600 1055 3656 que
1066 3584 1129 3666 jani
1145 3582 1279 3654 perlecta
1295 3581 1323 3635 in
1340 3581 1456 3636 Christo
1472 3583 1576 3650 atatis,
1593 3582 1688 3639 malta
1710 3601 1762 3655 pro
1778 3599 1821 3638 re-

118 3680 176 3735 bus
190 3676 349 3751 gloriosius
364 3680 393 3732 ct
407 3675 603 3732 sufficientius
618 3674 776 3731 estimavit.
791 3674 817 3730 ls
828 3691 944 3748 queque
1000 3673 1056 3728 biis
1071 3675 1101 3726 et
1116 3669 1298 3742 temporibus
1323 3668 1492 3737 reclamare,
1512 3669 1633 3738 hortari,
1659 3671 1822 3740 obsecrare,

119 3766 277 3841 posthanc
299 3764 435 3821 adultum
459 3769 567 3821 sancta
592 3763 820 3819 conversationis
844 3765 943 3832 robur,
1000 3766 1028 3818 et
1043 3763 1130 3833 proiit
1145 3762 1215 3814 atas
1239 3761 1389 3831 pateretur
1404 3758 1491 3830 paule
1511 3760 1640 3815 severius
1656 3759 1825 3833 objurgare.

119 3856 231 3929 petitus
246 3853 446 3909 reformationi
462 3852 644 3920 monasterii,
663 3853 741 3924 quod
757 3852 866 3907 dicitnr
879 3852 944 3908 Sta·
1000 3849 1113 3916 Quibus
1128 3852 1226 3902 tamen
1242 3861 1455 3917 nonnunquam
1471 3847 1529 3903 lere
1543 3847 1692 3904 acerbiora
1706 3849 1736 3904 iii
1751 3848 1824 3904 lacie

119 3941 305 4011 bulaculum,
321 3940 490 4012 ibidemque
505 3945 657 4012 promotus
673 3940 758 4013 (384),
774 3941 810 3996 ad
826 3940 944 3997 rectitu-
1001 3938 1139 4003 reterens,
1156 3935 1202 3989 vix
1217 3931 1392 3989 contumelia
1406 3933 1597 4006 temperabat.

120 4033 201 4088 diois
217 4031 321 4098 lineus,
338 4045 403 4101 qna
418 4045 507 4101 prava
521 4029 595 4084 lorte
610 4028 768 4097 invenerat,
776 4028 946 4085 Christoan-
1035 4025 1080 4082 59.
1098 4023 1172 4090 Quid
1188 4021 1298 4095 plura?
1313 4021 1387 4077 Cum
1403 4027 1534 4094 tempore
1554 4021 1617 4078 bac
1642 4028 1735 4080 tracta
1757 4023 1824 4098 plus

122 4116 790 4186 riliantecorrexit3ubietiamcnrsumnaturis
798 4117 945 4190 persolvit.
1001 4130 1088 4189 opere
1103 4110 1243 4184 longiore,
1261 4111 1375 4183 ingrata
1391 4110 1516 4166 nimium
1532 4112 1611 4167 teria
1629 4114 1822 4185 peperissent,

800 4241 921 4299 VARIAE
936 4237 1146 4300 taurianas.

155 4361 200 4396 ¹⁸⁷¹
217 4357 486 4430 corrichucberli.
526 4359 570 4392 ¹⁵⁷²
585 4358 688 4413 ceteris
704 4374 727 4412 c.
767 4358 811 4393 ¹⁵³³
825 4357 963 4414 habetem
977 4375 1000 4415 c.
1040 4352 1289 4424 ¹⁵³⁸subpnnitur.
1330 4351 1373 4387 ¹⁶¹⁵
1388 4353 1409 4407 i.
1420 4369 1444 4408 e.
1457 4350 1538 4408 nullo
1552 4366 1653 4408 eorum
1668 4369 1742 4424 qua.
1782 4353 1826 4390 ¹⁸³⁰

120 4431 305 4488 mordatibus
319 4446 346 4507 c,
382 4431 425 4464 ¹⁵³³
442 4427 586 4485 liicillasse
601 4445 625 4483 c.
665 4429 709 4463 ¹³⁷⁸
725 4428 875 4501 obtrepere
891 4446 914 4486 c.

916 4526 1033 4585 NOTAE.

155 4645 235 4712 (380)
250 4643 496 4699 Saintllnmbcrt.
965 4644 988 4710 [i
1025 4642 1146 4695 anatur.
1163 4636 1308 4693 Solemnis
1332 4640 1394 4691 erat
1417 4634 1564 4708 diesque
1587 4636 1663 4692 beati
1690 4637 1827 4710 martyris

154 4717 234 4783 (³81)
244 4715 337 4768 Annis
350 4714 484 4775 saa-945.
1004 4658 1143 4783 tergenti
1159 4710 1300 4781 agebatur
1315 4708 1417 4763 festiva
1438 4708 1580 4763 memoria
1595 4709 1621 4780 (v
1643 4707 1706 4765 idas
1729 4709 1825 4780 Sept),

154 4788 233 4854 (382)
248 4787 331 4841 Anna
344 4785 407 4840 ala.
1003 4789 1031 4838 et
1049 4781 1178 4852 undique
1190 4778 1404 4835 confluentibus
1433 4777 1826 4859 opuliaipsequoqnehomc

156 4855 386 4929 (3r‘l3lKadroles
412 4871 529 4927 quoqne
559 4854 614 4910 sub
639 4854 787 4928 agenoldo
813 4855 947 4912 Gorziani
1003 4852 1052 4910 Dei
1070 4851 1382 4908 liaddrociidvonerat.
1421 4848 1826 4923 actiitaqnelocum,oiprae-

126 4927 218 5000 degit,
237 4930 269 4981 ut
283 4942 316 4981 eii
331 4925 403 4981 Vita
419 4926 483 4996 ejus
493 4943 557 4998 cap.
573 4927 608 4980 el
623 4926 765 4981 discimus
781 4944 788 4982 :
809 4951 819 4976 ι
838 4927 949 4982 ltnmer
1003 4925 1077 4980 solis
1092 4923 1271 4979 voluntatem
1285 4923 1444 4999 exponunt,
1452 4923 1481 4972 et
1495 4936 1564 4974 suas
1574 4937 1674 4991 preces
1681 4927 1826 4977 antaeum

123 4997 334 5070 igiturubique
348 5013 453 5053 nomen
467 4998 532 5069 eius
544 4996 734 5064 detulerat,et
744 4997 948 5054 devirtutibus
1003 4997 1230 5072 prosternentes,
1244 4996 1276 5045 ut
1291 5007 1391 5044 secum
1407 4990 1579 5071 dignaretur
1594 5007 1722 5074 manera,
1738 5008 1826 5076 expc-

122 5070 176 5124 iiiri
193 5085 296 5125 cinnes
309 5073 411 5141 gentas
427 5069 595 5123 narrabant.
612 5067 754 5124 edelhere
770 5069 875 5140 prasci
897 5087 948 5125 no·
1004 5070 1099 5122 scunt.
1107 5064 1163 5120 Sed
1179 5079 1247 5143 quie
1261 5077 1361 5140 aaroni
1379 5077 1436 5114 nen
1452 5059 1586 5145 diligeret
1600 5079 1630 5117 in
1646 5068 1828 5121 terrissooic·

124 5138 328 5196 bilisnobilem
339 5138 950 5212 Meteusiumnobilitergubernabatcathe·
1004 5143 1106 5201 taleni,
1123 5134 1237 5213 quiin
1252 5131 1550 5211 caelestibuscastris
1570 5149 1633 5204 Jarn
1658 5138 1828 5216 meruerant

126 5213 222 5267 drani.
240 5210 371 5283 Cumque
387 5226 402 5265 e
417 5209 539 5266 diversis
555 5209 689 5283 partibus
705 5210 798 5266 multa
823 5213 858 5267 ad
882 5229 949 5268 enni
1004 5215 1142 5264 aternam
1158 5204 1341 5284 dignitatem.
1360 5201 1497 5256 Precibus
1512 5219 1580 5275 erge
1596 5203 1827 5277 supplicantium

124 5284 267 5355 perferret
282 5282 370 5350 lama,
388 5281 477 5352 hujus
500 5297 617 5354 quoque
630 5281 683 5336 viri
700 5299 806 5338 nemen
823 5282 929 5339 detulit
942 5300 948 5350 ;
1004 5279 1116 5335 evictus
1131 5277 1285 5338 consentit,
1297 5277 1325 5327 et
1339 5272 1435 5327 locuni
1452 5290 1508 5328 nori
1524 5273 1609 5348 longe
1624 5276 1660 5330 ab
1675 5276 1747 5332 urbe
1759 5276 1829 5358 blel-

124 5362 153 5410 et
170 5359 204 5409 ut
227 5357 292 5409 erat
312 5358 425 5409 amator
448 5350 663 5426 religiosorum,
678 5353 859 5409 venerabiles
873 5355 950 5409 viros
1004 5350 1079 5406 tensi
1091 5347 1236 5428 pesitum,
1251 5348 1280 5425 et
1294 5343 1454 5400 inultorum
1470 5350 1639 5428 saiictorum
1654 5348 1827 5473 cerporibus

126 5424 310 5499 Agenaldum
326 5430 355 5480 et
368 5427 511 5479 Anstcum
527 5424 562 5478 ad
580 5424 829 5492 seadvocatos,de
840 5423 951 5479 viroin-
1005 5427 1033 5477 ot
1046 5419 1179 5490 reliqniis
1195 5415 1339 5496 inclitum,
1357 5416 1407 5471 scd
1423 5419 1493 5471 tnnc
1505 5432 1568 5486 Jain
1591 5418 1627 5473 ad
1643 5417 1704 5473 nihi
1719 5434 1768 5473 um
1787 5433 1829 5475 re·

124 5496 293 5568 terrogavit,
310 5500 339 5551 et
354 5495 501 5568 quemodo
517 5495 553 5550 ad
568 5511 635 5549 curii
647 5496 805 5576 perveniat,
817 5495 846 5549 iii
869 5495 948 5549 uirit.
1004 5494 1135 5557 ductum,
1153 5491 1282 5558 suscepit
1298 5487 1548 5568 commendatum.
1590 5560 1620 5571 ..
1725 5561 1730 5571 1

122 5565 313 5624 venerabiles
322 5568 387 5639 jam
402 5566 494 5639 igitur
513 5565 584 5622 dicti
600 5566 664 5633 viri,
681 5566 826 5622 desideria
849 5513 950 5622 temni
1040 5563 1115 5634 (384)
1130 5562 1212 5619 Anao
1226 5559 1278 5614 947
1295 5558 1405 5636 syuodo
1421 5556 1597 5618 Virduaensi
1613 5561 1755 5622 interluit.

124 5637 274 5722 pontificis
288 5638 405 5709 rescito,
423 5653 499 5715 sepe
513 5637 610 5696 virum
636 5636 687 5696 bai
711 5654 801 5716 super
821 5652 855 5698 eo
879 5635 950 5699 alle·
