3900 6090
40 227 46 237 ’
144 256 180 315 sa
643 260 814 327 nannum
835 260 1000 324 auarus
1022 257 1342 328 uonomarnnsrs
1808 218 1847 324 aa

49 470 52 479 Ι
143 386 205 443 vitii
216 388 426 462 parcimoniam
438 393 617 468 propinavit:
630 400 730 470 etqua
741 396 868 470 primum
880 393 964 452 facile
979 395 1063 467 Ajus
1077 396 1230 472 aggredior
1244 397 1316 454 Vitae
1332 401 1543 472 gestorumque
1559 415 1653 472 pauca
1667 397 1845 464 describere,

145 479 290 555 consentit
305 484 338 535 ut
352 483 477 551 caderet,
487 487 516 540 et
530 489 624 540 mater
633 484 809 541 calamitatis
819 483 964 551 existeret
1020 489 1107 559 prout
1121 486 1249 558 comperi
1265 486 1432 543 a'fidelibus
1443 487 1598 543 enarrarri.
1611 486 1736 543 Obsecro
1747 485 1847 558 itaque

145 569 333 640 postmodum
349 587 401 642 per
415 570 521 626 Christi
536 571 659 644 gratiam
679 571 792 628 fortiter
813 571 919 627 remitit
934 575 967 627 ut
1021 590 1067 630 me
1083 572 1244 647 prinprem
1258 579 1444 646 peccatorum
1461 581 1490 631 ot
1504 576 1691 632 sacerdotum
1708 573 1846 630 ultimum

48 662 53 671 ‘
144 656 281 712 zabulum
306 662 509 730 prosterneret,
531 676 669 731 sororque
684 664 712 716 et
735 663 829 716 mater
850 659 966 717 Domini
1019 659 1124 719 vestris
1140 661 1275 734 precibus
1291 663 1455 737 suffragari,
1473 668 1620 736 quatenus
1636 662 1707 718 mihi
1725 666 1846 719 sauctus

144 742 301 801 Salvatoris
316 745 407 816 gratis
422 745 512 801 electa
528 746 649 803 feliciter
663 749 753 805 fieret.
772 747 967 822 Hujusigitur
1020 750 1156 824 dignetur
1172 751 1274 808 adesse
1290 751 1426 825 Spiritus,
1444 752 1493 826 qui
1510 757 1538 808 et
1554 752 1715 808 facinorum
1732 755 1846 807 nostro·

142 831 246 913 dirime
261 832 360 906 gratia
377 838 485 889 sortem
501 835 606 908 adepta
620 837 747 910 gloriosa
760 837 841 912 vIrgo
867 838 965 894 Hune·
1020 854 1087 895 rum
1101 839 1232 896 maculas
1248 839 1352 910 deleat,
1364 845 1393 897 et
1402 841 1533 915 linguam
1546 842 1581 897 ad
1595 841 1760 896 enarranda
1770 857 1848 912 qua-

141 920 259 991 gundis,
276 922 312 977 ab
328 921 517 980 immaculato
540 924 629 980 divini
654 926 743 984 iontIs
768 931 849 984 utero
865 930 967 983 renata
1020 928 1088 983 dam
1102 926 1224 1001 virginis
1239 932 1322 1002 gesta
1335 929 1475 986 disertam
1492 929 1609 985 efficiat.

141 1008 258 1080 prodiit,
271 1011 394 1067 educata
409 1012 557 1069 catholica
570 1013 636 1071 sinu
648 1013 751 1072 matris
761 1014 907 1084 Ecclesioe,
918 1031 967 1071 cu·

743 1322 1034 1480 INCIPIT
1075 1324 1264 1481 llll

181 1566 208 1618 2.
226 1563 349 1619 Summa
362 1567 391 1619 ot
404 1561 708 1636 incompreheusibilis
724 1562 906 1636 providentia
920 1559 968 1617 Di·
985 1560 1054 1628 Bet
1068 1561 1167 1618 anima
1182 1568 1249 1635 post
1263 1567 1415 1636 peractum
1431 1563 1495 1620 vitae
1510 1580 1632 1621 cursum
1646 1563 1773 1619 fructum
1791 1577 1852 1616 aar·

140 1650 969 1727 ‚vinitatiscumcxsuaomnipotentiamuadiprincipem
1024 1650 1851 1726 perctceutesimumsacratissimIsvirginibusconsecra-

147 1738 314 1807 dcbcllarct‚
332 1739 455 1812 ejusque
468 1740 612 1797 versutias
627 1740 744 1813 pcnItus
757 1739 900 1813 extirpare
910 1737 970 1795 dis·
1025 1739 1100 1792 tum.
1117 1736 1199 1793 Unde
1214 1738 1285 1812 quia
1298 1745 1361 1796 erat
1374 1740 1508 1814 gloriose
1523 1740 1630 1797 indolis
1649 1738 1796 1812 progenie,
1813 1739 1850 1793 ab

148 1831 278 1902 poneret,
293 1845 361 1883 eum
378 1845 436 1884 uon
452 1828 548 1885 solum
562 1832 694 1902 potenter
713 1828 862 1902 superavit
884 1830 972 1900 atque
1026 1823 1850 1902 ipsisincunabulislertaressedesponsatacorequalibus

148 1932 232 1972 arma
247 1915 378 1984 abstulit,
394 1933 495 1972 rerum
511 1916 599 1973 etiam
615 1916 688 1990 ipsis
703 1917 793 1973 armis
808 1914 971 1974 misericor·
1026 1913 1188 1970 natalibus:
1200 1916 1250 1972 sed
1261 1915 1583 1990 dilectamagissponso
1591 1917 1699 1974 coelesti
1706 1915 1851 1974 terrestris

149 2004 974 2079 ditertampraclarumcontulitflagrantiam,utsugarent
1027 2002 1224 2073 confunditur,
1237 2004 1408 2078 occultoque
1423 2006 1473 2062 Dei
1481 2006 1593 2078 judicio
1607 2007 1710 2063 mortIs
1725 2005 1851 2062 confinio

150 2109 183 2147 ac
198 2093 328 2149 dolarent
343 2089 539 2148 sordidissimi
553 2091 694 2165 principis
703 2091 843 2159 dominia,
856 2092 972 2147 fierent·
1027 2089 1182 2148 clauditur.

151 2198 208 2254 que
217 2180 682 2254 Christiluminariaquefuerant
689 2179 801 2253 pridem
808 2184 974 2237 armateue-
1062 2181 1089 2235 t.
1105 2179 1264 2255 Postquam
1278 2199 1345 2239 vero
1361 2183 1449 2257 coepit
1463 2189 1565 2240 sancta
1579 2183 1660 2259 virgo
1672 2201 1736 2242 esse
1755 2183 1852 2241 adole·

151 2270 247 2326 brosa.
261 2268 529 2343 Taliigiturordino
540 2269 761 2341 mundisoeptra
772 2266 974 2324 crudelissima
1027 2284 1112 2325 scens
1127 2284 1247 2342 corpore
1262 2271 1445 2346 candidoque
1459 2272 1541 2328 vultu
1564 2278 1652 2346 atquc
1677 2274 1751 2330 Ilava
1766 2273 1850 2341 facie,

150 2358 355 2425 immutantur,
366 2359 521 2431 omnisque
531 2357 624 2432 portio
635 2357 819 2413 tenebrarum
832 2356 973 2413 suiacum
1027 2357 1222 2430 desponsatur
1235 2377 1354 2417 rursum
1366 2363 1520 2434 aquodam
1531 2362 1649 2419 nomine
1661 2362 1791 2419 Dudaldo
1803 2378 1853 2436 gc·

152 2445 328 2503 satellitibus
343 2449 424 2503 tanto
434 2447 541 2519 jubare
551 2444 752 2518 restinguitur,
763 2445 912 2519 oriturque
923 2462 975 2518 per
1028 2462 1139 2503 across
1153 2447 1254 2521 stirpis
1265 2449 1393 2520 homine,
1407 2468 1491 2524 aquo
1506 2450 1595 2507 variis
1605 2456 1649 2507 est
1659 2452 1757 2507 dotata
1768 2468 1853 2524 spon·

152 2536 266 2610 pagella
281 2554 355 2592 nova
377 2535 428 2591 lux
451 2540 479 2591 et
502 2534 655 2609 gaudium,
671 2533 876 2591 submittentes
900 2534 975 2592 colla
1028 2534 1140 2592 salibus
1155 2553 1223 2592 cum
1239 2539 1393 2610 mancipiis
1409 2544 1438 2595 et
1452 2539 1561 2595 villulis
1573 2556 1579 2594 :
1593 2557 1657 2611 quae
1672 2539 1771 2595 omnia
1786 2539 1853 2595 licet

154 2625 224 2698 ltegi
240 2642 352 2698 regum,
369 2627 398 2678 ct
411 2622 552 2696 paulatim
567 2640 585 2677 a
600 2621 670 2679 solis
681 2627 747 2679 ortu
762 2640 855 2696 usque
875 2624 911 2679 ad
926 2640 974 2679 oc·
1029 2625 1231 2696 aparentibus
1247 2629 1355 2694 coacta,
1371 2627 1454 2681 vultu
1470 2632 1567 2682 tamen
1583 2625 1696 2698 placido
1712 2631 1741 2681 et
1756 2630 1852 2681 mente

153 2730 256 2769 casum
272 2711 379 2769 Christi
390 2711 571 2783 divulgatum
581 2716 626 2767 est
635 2710 803 2784 imperium.
813 2713 891 2768 Inter
900 2728 975 2784 quas
1029 2717 1110 2770 casta
1118 2712 1275 2785 perferens,
1287 2714 1483 2771 meditabatur
1487 2714 1717 2787 jamdiuanimo‚
1727 2711 1853 2785 quaIIter

152 2819 225 2875 gens
235 2799 535 2874 Francigcna,multis
545 2805 664 2857 actuum
675 2800 810 2875 insignIIs
822 2800 976 2875 splendida
1030 2818 1061 2859 se
1076 2807 1104 2859 et
1117 2819 1171 2859 sua
1185 2801 1299 2859 Christo
1315 2820 1422 2876 sponso
1435 2806 1562 2859 traderet
1573 2801 1691 2869 dotalia,
1712 2803 1853 2872 fieretque

153 2908 187 2947 ac
201 2889 359 2962 triumphis
375 2887 476 2945 multis
489 2888 695 2959 tamosissIma,
711 2890 778 2947 licet
789 2890 903 2947 Christo
919 2888 975 2945 fide
989 2922 1013 2991 c
1031 2889 1264 2948 sanctimonialis
1275 2885 1384 2948 semina
1394 2892 1449 2947 sub
1460 2891 1553 2946 tutela
1564 2895 1671 2946 sancta
1680 2889 1784 2945 matris
1792 2889 1854 2943 Vir

154 2977 376 3037 sanctatardius
384 2982 558 3046 occurreret,
566 2982 663 3034 tamen
671 2977 851 3051 utpersensit
860 2977 975 3035 Domini
1030 2978 1117 3052 ginis,
1134 2978 1275 3053 insignita
1289 2978 1394 3053 capitis
1403 2977 1556 3048 velamine,
1570 2983 1603 3034 ut
1612 2994 1679 3033 cum
1689 2977 1855 3033 adolescen-

155 3065 352 3135 clemeutiam,
369 3064 456 3139 coepit
470 3064 580 3139 passim
591 3065 764 3139 pullulando
775 3084 879 3124 novam
889 3071 978 3140 atque
1030 3066 1100 3124 tulis
1115 3068 1172 3124 veri
1189 3068 1266 3142 regis
1280 3068 1390 3125 valeret
1404 3068 1516 3124 edicere
1533 3067 1642 3139 :Wiqra
1654 3083 1716 3122 sum
1736 3065 1782 3122 scd
1796 3068 1853 3137 scr-

154 3157 287 3212 sanctam
303 3155 361 3211 Deo
376 3154 452 3227 patri
473 3153 585 3227 prolem
608 3155 737 3229 gignere.
753 3156 794 3211 Da
817 3156 902 3215 cuius
912 3157 976 3228 jam
1029 3172 1116 3222 owse,
1140 3158 1206 3228 fitioe
1228 3157 1390 3222 tenestem,
1414 3157 1473 3213 ideo
1494 3155 1649 3213 ditexitmc
1673 3157 1739 3222 ilex,
1755 3163 1781 3211 et
1808 3157 1854 3210 iu-

154 3242 353 3300 sseratissimo
375 3243 520 3300 consortio
543 3249 646 3300 saneta
668 3248 761 3300 mater
784 3248 872 3317 atque
896 3245 976 3318 vlrgo
1031 3244 1254 3302 saducaeum
1269 3245 1426 3301 radicatam
1440 3262 1523 3301 suam
1538 3244 1625 3316 (Cant.
1642 3244 1673 3315 1),
1689 3243 1853 3300 etiterum:

154 3331 262 3390 Christi
277 3332 399 3389 dilatata
407 3336 452 3390 est
463 3330 600 3399 Ecclesia,
612 3349 676 3405 qua
693 3332 913 3390 oblitadomum
929 3351 976 3407 pa·
1030 3335 1118 3392 Nolite
1130 3350 1174 3390 mc
1195 3333 1366 3391 considerare
1388 3333 1458 3407 qaod
1476 3336 1554 3405 susce
1576 3335 1639 3399 alm,
1666 3335 1731 3404 quic
1755 3333 1856 3389 deceta

145 3423 209 3479 'tris
223 3424 311 3494 atque
325 3419 479 3495 populum,
497 3419 601 3477 unitati
615 3420 698 3477 trine
714 3421 812 3478 sinum
823 3422 919 3479 cordis
930 3423 977 3478 ob
1030 3425 1103 3480 ravit
1116 3423 1212 3479 mesot
1226 3421 1330 3495 (itta).
1340 3421 1420 3480 Talis
1435 3421 1557 3479 intentio
1570 3426 1598 3478 ct
1609 3427 1670 3477 tarn
1681 3421 1852 3493 praeclarum

154 3510 231 3581 tulit,
248 3512 326 3568 unde
341 3509 396 3568 sibi
412 3508 621 3567 Immaculatus
635 3510 777 3568 Damiuus
792 3511 976 3585 impollutam
1031 3510 1487 3569 exercitiumversabatursedule
1497 3510 1528 3567 ia
1538 3510 1707 3584 praecordiis
1720 3509 1854 3583 puellari·

152 3616 324 3658 consecrare
337 3596 490 3657 familiam.
1031 3600 1218 3672 bus,ssosque
1228 3599 1382 3657 Genitriois
1391 3598 1544 3674 virginalis
1553 3598 1583 3654 ia
1595 3599 1649 3655 bac
1660 3603 1762 3655 sancta
1771 3599 1854 3655 redo·

188 3691 216 3746 3.
232 3690 307 3762 Drgo
321 3686 409 3745 tellus
430 3685 567 3754 Francia,
594 3702 689 3760 pagus
712 3688 823 3746 scilicet
836 3687 976 3746 Verman·
1030 3688 1109 3747 lebat
1117 3688 1238 3764 virgine,
1249 3688 1398 3746 radiantes
1408 3687 1542 3762 plurima
1554 3688 1695 3743 virtutum
1706 3687 1806 3760 gratias
1820 3703 1855 3742 ex

155 3777 264 3848 densis,
274 3773 541 3853 prepollentissimi
554 3776 690 3849 martyris
700 3777 830 3844 Quintiai
842 3779 978 3835 decorata
1030 3777 1170 3853 virgineis
1185 3777 1383 3835 successibus.

155 3866 314 3942 suffragiis,
324 3862 479 3922 anhelabat
489 3862 558 3922 totis
568 3862 678 3922 viribus
691 3866 977 3924 utallerretDomiac
1066 3869 1094 3923 5.
1109 3866 1219 3924 Deinde
1233 3884 1299 3924 cum
1314 3870 1448 3924 sanctum
1465 3883 1524 3922 sua
1541 3865 1648 3922 mentis
1670 3864 1854 3937 propositum

155 3952 840 4030 munusgratuminadoremsuavissimum.Ouo
851 3955 880 4011 in
891 3973 975 4030 paga,
1031 3957 1066 4012 ad
1083 3954 1217 4011 ellectum
1233 3953 1409 4028 operationis
1430 3951 1516 4010 vellet
1537 3954 1704 4027 perducere,
1730 3951 1854 4025 sapienti

154 4049 243 4117 atque
252 4044 321 4100 villa
332 4060 420 4116 quam
435 4041 602 4099 Lembaidis
611 4041 774 4114 nominant,
786 4045 977 4118 sanctovirgo
1031 4060 1086 4100 usa
1099 4042 1231 4112 consilio,
1247 4058 1390 4116 sponsum
1400 4058 1460 4115 qua
1473 4042 1569 4116 patuIt
1578 4045 1639 4098 arte
1653 4041 1775 4096 tentavit
1790 4057 1855 4096 sua·

154 4131 347 4207 Huuegundis
363 4146 506 4205 generosa
521 4134 590 4187 nata
604 4136 649 4188 est
663 4132 810 4205 prosapia,
827 4148 892 4206 quar
908 4151 976 4207 pro·
1030 4131 1103 4188 viter
1116 4130 1256 4200 emollire,
1273 4149 1307 4189 ac
1321 4131 1514 4189 demulcendo
1525 4130 1686 4188 subtilitate
1696 4129 1806 4203 ingenii
1818 4130 1854 4185 ab

154 4221 245 4280 cessit
255 4220 335 4278 velut
351 4217 465 4293 virgula
480 4218 552 4275 lumi
567 4236 602 4277 ex
617 4220 798 4278 aromatibus
814 4222 938 4296 myrrha
948 4226 977 4279 et
1031 4218 1213 4294 amplexibus
1227 4217 1560 4277 omniaodivellere.Cui
1572 4217 1854 4274 taliablandissim1s

152 4310 250 4368 thuris
264 4313 293 4367 et
306 4306 434 4366 universi
446 4307 561 4382 generis
571 4306 799 4383 pigmentorum,
813 4311 884 4367 dum
897 4311 977 4368 uobi-
991 4284 1017 4353 Ῑ)
1031 4308 1183 4383 alloquens
1197 4309 1316 4366 vocibus
1330 4308 1422 4367 dixit:
1439 4308 1462 4366 0
1476 4307 1647 4366 dulcissime
1658 4311 1746 4380 atque
1756 4325 1855 4363 aman·

153 4399 233 4458 libus
251 4404 280 4457 et
306 4396 456 4454 Christum
475 4395 639 4454 calentibus
664 4397 772 4472 prodiit
795 4400 976 4472 parentibus.
1030 4399 1144 4456 tissime
1157 4399 1274 4472 conjux,
1291 4398 1430 4467 quoniam
1445 4396 1705 4455 Christianissimis
1716 4401 1745 4452 ct
1760 4396 1855 4452 ortho-

70 4548 73 4552 ,
153 4489 260 4546 Ilance
275 4502 358 4544 sacro
370 4486 447 4542 iontc
458 4486 554 4541 ierunt
573 4486 715 4543 elevatam
726 4487 763 4542 ab
782 4487 875 4562 Eligio
885 4491 977 4563 pontt·
1031 4488 1113 4546 doxis
1128 4487 1299 4562 parentibus
1313 4486 1403 4562 geniti
1418 4503 1533 4556 samus,
1549 4502 1607 4543 uon
1618 4486 1700 4542 dccet
1710 4502 1762 4541 nos
1778 4484 1853 4540 eoin·

153 4578 208 4634 tice
231 4574 435 4633 Noviomeasis
460 4591 493 4631 ac
507 4573 739 4632 vermandensis
763 4576 909 4647 Ecclesia,
926 4579 976 4635 ubi
1031 4576 1147 4651 quinari
1162 4594 1196 4633 ac
1210 4575 1375 4635 libidinosis
1390 4574 1645 4633 commistionibus
1661 4572 1761 4646 pollui,
1777 4573 1856 4629 velut

154 4665 283 4740 sumpsit
296 4663 355 4721 vcri
370 4662 470 4735 sponsi
486 4663 614 4732 arrham,
632 4663 779 4738 simulque
792 4671 902 4724 vestem
913 4685 978 4741 pre·
1031 4672 1207 4741 gentesque
1223 4666 1360 4739 ignorant
1369 4666 1472 4734 Deum,
1486 4668 1514 4721 et
1524 4663 1601 4720 sicut
1611 4680 1705 4736 equus
1715 4668 1744 4719 et
1755 4663 1853 4718 mulus

154 4750 978 4830 tlosamimmortalitatissignocandidatamcttriumpho
1032 4755 1141 4829 quibus
1157 4772 1214 4810 non
1236 4758 1281 4810 est
1304 4751 1478 4811 intellectus.
1496 4752 1611 4809 Placeat
1624 4751 1688 4818 tibi,
1713 4768 1814 4825 prceor
1826 4756 1855 4806 at

156 4843 302 4920 passionis
323 4841 540 4916 perlustratam,
556 4844 643 4913 atque
665 4845 751 4898 castas
767 4842 917 4901 charitatis
932 4862 978 4901 or·
1033 4833 1179 4901 contestor
1193 4858 1245 4916 per
1259 4841 1427 4911 DomInum,
1444 4856 1542 4898 meum
1559 4839 1676 4897 salubre
1687 4838 1852 4907 consilium,

157 4934 225 4989 dine
240 4932 350 5005 regiam
368 4934 398 4988 et
421 4928 630 4987 sacerdotalem
654 4946 791 4988 coronam
813 4933 977 5008 mysticam.
1033 4932 1165 5005 meisque
1178 4935 1206 4988 te
1220 4931 1409 4988 accommoda
1422 4929 1519 4999 dictis,
1531 4933 1559 4987 et
1574 4945 1740 5002 queramus
1751 4933 1854 4984 mutuo

156 5021 211 5079 Ubi
226 5021 314 5077 etlam
329 5020 358 5075 in
374 5025 484 5094 septem
497 5018 638 5094 gradibus
657 5019 842 5093 baptismatis
867 5028 977 5096 septem
1033 5021 1158 5096 qualiter
1172 5024 1272 5076 nostra
1286 5020 1344 5076 Deo
1359 5018 1467 5093 placita
1481 5017 1646 5076 efficiantur
1660 5017 1806 5090 conjugia,
1823 5020 1855 5071 ut

157 5107 465 5182 comprehenditdona
475 5107 602 5181 Spiritus
612 5108 717 5178 sancti,
728 5108 885 5184 episcopali
896 5112 979 5168 bene·
1032 5113 1068 5168 de
1083 5109 1168 5166 nobis
1183 5126 1241 5165 aon
1257 5113 1371 5166 terrena
1386 5109 1437 5166 sed
1452 5106 1605 5182 progenies
1619 5104 1745 5162 coelestis
1760 5121 1853 5160 emer·

156 5197 283 5256 dictione
298 5195 470 5253 confirmata
488 5201 517 5251 et
539 5201 640 5255 saneto
664 5197 823 5255 chrismate
837 5198 976 5258 delibuta.
1031 5204 1090 5274 gat.
1107 5200 1194 5256 Decet
1207 5197 1285 5254 enim
1302 5197 1486 5270 nimiumque
1500 5195 1577 5251 valet
1591 5194 1853 5268 nosapostoloram

157 5286 269 5355 Quibus
283 5283 415 5358 undique
430 5283 503 5340 lulta
516 5285 610 5344 vivere
625 5286 739 5343 studuit
755 5288 914 5359 Juvcncula
927 5307 979 5363 per
1032 5288 1193 5363 principem
1209 5291 1351 5359 expetere,
1376 5289 1463 5358 atque
1477 5283 1541 5341 loca
1556 5286 1657 5341 sancta
1672 5282 1804 5350 circuire,
1822 5286 1854 5338 ut

156 5375 283 5449 septima
297 5374 411 5431 dierum
431 5372 587 5443 curricula,
603 5380 636 5431 ut
660 5381 771 5449 septem
795 5377 902 5450 septies
925 5395 977 5434 au·
1032 5377 1135 5437 saltem
1150 5377 1217 5433 lusa
1231 5393 1319 5450 super
1333 5390 1386 5431 nos
1407 5372 1607 5431 benedictione
1629 5373 1788 5446 apostolica
1803 5372 1854 5426 liat

156 5463 314 5540 gmentatis
329 5467 358 5519 et
370 5462 494 5519 monada
507 5463 668 5534 supposito,
681 5464 794 5536 Jubilai
809 5467 935 5524 tractam
946 5467 977 5524 in
1032 5466 1116 5525 nobIs
1125 5465 1184 5521 vita
1193 5463 1291 5538 longa,
1302 5460 1383 5518 salus
1393 5459 1541 5529 continua,
1553 5460 1702 5534 opulentia
1713 5460 1742 5515 in
1754 5460 1851 5526 rebus,

153 5551 289 5633 prasenti
305 5551 365 5607 vita
378 5549 541 5625 acquireret
557 5549 691 5623 :hocque
701 5552 977 5631 duplicatocorpore
1030 5554 1194 5614 fecunditas
1206 5553 1237 5612 in
1252 5548 1422 5627 propagine,
1436 5549 1637 5625 tranquillitas
1659 5550 1689 5606 in
1713 5549 1853 5610 diuturno
