3900 6090
118 298 193 363 10111

118 435 155 492 111
169 451 221 507 per
235 448 267 489 se
281 434 368 490 modo
384 432 598 490 demonstraret
613 434 782 491 redimendo

119 525 232 582 Gaudia
248 528 405 597 perpetuat,
423 524 571 596 quondam
588 523 664 580 male
681 523 804 595 perdita,
821 523 895 591 vite,

643 300 826 363 lllSPOlllA
851 299 1106 364 ASCENSIONIS
1129 303 1281 366 DOMINI.

1745 292 1822 365 10111

956 436 984 501 Α
999 435 1052 491 Pro
1068 436 1194 509 propriis
1210 437 1340 494 animam
1356 453 1467 512 ponens
1482 436 1585 496 ovibus
1600 436 1646 512 pio
1661 436 1792 494 charam.

1002 523 1132 579 Necnon
1149 524 1289 597 complevi
1306 525 1434 581 multum
1451 525 1556 599 pietate
1573 526 1660 595 fideli,

120 615 248 687 Postque
270 612 491 687 triumphalem,
512 618 716 686 sanctamque,
732 614 810 687 piam
831 629 947 686 qnoque
1002 613 1117 679 Omnia,
1134 631 1197 685 que
1212 618 1291 670 vates
1307 616 1343 671 do
1358 632 1405 670 mo
1421 615 1518 671 dixere
1534 615 1656 688 priores,

798 701 946 776 [mortem

119 796 213 860 Quam
229 791 322 848 nostri
339 809 429 849 causa
443 792 587 865 patienter
602 791 723 865 pertulit
737 808 816 863 ergo,

120 883 196 940 Dum
212 881 304 937 vietor
320 897 426 953 magno
443 882 528 953 fregit
543 880 703 936 luctamine
718 880 776 936 tela

121 973 171 1029 oo
187 969 314 1026 llumani
330 969 446 1042 generis
459 970 620 1025 sevissima
636 970 748 1026 fortiter
762 970 866 1038 hostis,

1000 702 1041 756 Ac
1056 719 1134 757 nunc
1149 703 1285 770 ascendo,
1302 704 1416 759 cinctus
1430 704 1537 760 virtuto
1551 708 1683 777 paterna,

1001 790 1044 845 Ad
1060 791 1174 847 Patrem
1188 792 1281 847 vietor
1296 809 1458 860 summum,
1475 809 1564 866 super
1579 794 1671 849 ethra
1685 793 1824 850 locatum.

1002 880 1069 946 Sed,
1087 898 1144 936 non
1162 882 1274 936 turbari
1290 882 1397 948 cordis,
1414 882 1555 955 rogitabo,
1574 882 1667 938 fidelis

1001 969 1096 1024 Vestri
1113 974 1269 1035 secretum,
1286 971 1428 1042 quianon
1444 989 1494 1027 vos
1511 973 1583 1027 lorle
1598 971 1772 1045 relinquam,

121 1059 280 1133 Sanguinis
297 1063 324 1114 et
337 1059 463 1131 pretinm
480 1059 589 1131 proprii
605 1060 697 1132 gratis
713 1059 947 1132 deditamptum,
1002 1059 1060 1114 Ceu
1078 1057 1224 1113 desolatos
1241 1059 1267 1112 in
1286 1060 1396 1113 mundo
1412 1076 1539 1131 namque
1555 1059 1693 1131 pupillos,

122 1152 176 1206 Pro
192 1146 278 1204 nobis
292 1149 422 1202 animam
438 1148 586 1220 deponens
603 1149 632 1202 in
648 1165 734 1204 cruce
749 1148 880 1217 charam,

122 1240 180 1295 Nee
195 1254 253 1292 non
268 1234 391 1309 gloriola
406 1238 554 1311 surgentis
569 1239 622 1294 rite
638 1243 755 1311 peracta

122 1321 217 1399 Atque
233 1325 436 1397 quaterdenis
453 1326 509 1382 diei
526 1326 613 1399 spatii
629 1327 787 1400 replicatis,

124 1417 154 1472 ln
170 1414 276 1487 quieis,
293 1412 446 1486 discipulis
462 1432 606 1488 apparens
621 1417 722 1474 sedulo
737 1417 843 1486 charis,

124 1505 194 1560 Esse
203 1521 257 1558 sua
267 1507 408 1572 nostram,
417 1509 642 1576 monstrat,cum
652 1512 745 1562 morte
756 1511 947 1580 peremptam,

123 1594 181 1650 Nec
197 1586 301 1648 mortis
316 1589 420 1648 vinclis
435 1610 467 1648 se
482 1610 568 1666 posse
583 1595 707 1651 tenerier
722 1596 821 1665 arctis,

124 1682 177 1749 Qui
194 1680 275 1738 solus
290 1680 382 1753 culpa
399 1682 493 1738 lueret
508 1683 572 1740 sine
588 1684 725 1740 sordibus
738 1685 816 1754 Adae,

124 1772 273 1828 Postremo
289 1770 385 1826 charis
400 1771 493 1827 isdem
511 1777 694 1830 monstratus
710 1775 824 1842 anricis,

124 1859 232 1915 ltlontis
247 1858 373 1914 Oliviseri
389 1859 526 1932 precelso
541 1862 647 1917 vertice
663 1863 777 1935 quidni,

123 1949 240 2014 Astans,
259 1948 430 2019 astrigeram
448 1964 513 2003 max
529 1966 706 2007 ascensurus
721 1953 755 2006 ad
772 1952 882 2018 aulam,

123 2037 293 2107 Allaturqno
308 2052 378 2090 suos
393 2052 460 2090 cum
477 2035 528 2091 tali
541 2054 610 2092 vace
625 2038 776 2095 ministros
793 2057 800 2094 τ

124 2126 161 2180 111
177 2125 261 2181 Pater
276 2127 306 2179 in
322 2127 466 2181 mundam
483 2144 530 2182 me
545 2128 681 2198 promisit
696 2129 752 2183 sibi
769 2130 902 2195 charum,

123 2214 172 2271 Sic
187 2231 241 2287 ego
256 2214 341 2270 mitto
357 2232 437 2271 meos
452 2215 573 2272 dilectos
588 2222 701 2273 vosmet
715 2219 835 2274 amieos.

124 2305 161 2359 At
174 2320 237 2370 vos,
252 2301 283 2357 in
297 2307 400 2376 gentes
415 2303 502 2359 eitius
516 2309 639 2360 cunctas
653 2305 806 2371 abeuntes,

125 2391 194 2448 lllas
209 2395 354 2465 perpetue
369 2390 434 2447 vite
448 2393 588 2448 mandata
602 2394 713 2462 doceto,

125 2479 282 2561 Credentes
298 2495 382 2535 sacra
396 2485 556 2553 purgantes
571 2479 652 2539 ocius
668 2482 757 2550 unda,

126 2569 157 2625 ln
174 2566 278 2636 Patris,
290 2571 318 2623 et
333 2567 409 2637 Nati,
421 2569 530 2641 pariter
540 2586 656 2643 quoquo
671 2570 810 2628 Flaminis
826 2572 906 2642 almi,

125 2657 259 2725 Nomine,
272 2673 330 2729 quo
344 2657 449 2713 veteris
464 2659 611 2730 deponant
625 2659 750 2717 crimina
764 2663 869 2719 sordis.

128 2748 164 2802 Et
177 2747 285 2801 virtuto
300 2762 366 2802 mea
380 2745 476 2802 varios
490 2745 624 2819 depellite
640 2749 768 2818 morbos,

128 2835 259 2891 Necnon
275 2833 396 2907 irnperio
412 2836 562 2908 predones
578 2837 672 2910 cogite
686 2842 780 2895 vestro

128 2925 234 2990 Servos,
251 2923 404 2979 obsessum
420 2924 555 2996 linquant
570 2931 603 2981 ut
618 2927 743 2998 pectoris
758 2934 888 2996 antrum,

131 3013 190 3069 lllis
206 3011 382 3085 predulcem
398 3019 546 3070 servantes
564 3016 671 3072 mentis
686 3034 826 3086 amorem,

130 3101 245 3156 Larlerc
259 3118 309 3156 vos
325 3101 400 3156 odiis
413 3104 461 3174 qui
478 3106 592 3158 tentant
607 3121 722 3177 semper
736 3108 855 3163 amaris.

126 3191 167 3245 Ex
182 3189 236 3244 boc
250 3194 381 3262 percerte
396 3195 520 3263 possunt
535 3209 714 3264 praenoscere
730 3200 840 3252 cunctae
907 3230 912 3240 ·
967 3180 989 3246 C

127 3279 244 3346 Gentes,
261 3277 421 3351 discipulos
436 3296 487 3335 vos
501 3297 565 3336 esse
580 3282 653 3337 satis
668 3283 740 3339 mihi
756 3284 869 3354 choree,

163 3456 319 3513 l'inetenus
335 3474 479 3514 memores
495 3461 642 3532 persistite
657 3461 767 3519 scilicet
782 3481 895 3532 omnes,

123 3548 191 3613 Qua
206 3546 294 3601 vestri
312 3563 401 3603 eausa
417 3564 523 3619 passus
538 3549 643 3606 luerim
659 3551 722 3607 sino
737 3568 827 3609 eausa

123 3635 224 3691 Nonne
240 3651 336 3692 meam
352 3635 455 3693 faciem
472 3637 614 3694 cherubin
630 3656 688 3694 non
704 3657 822 3698 eernere
837 3642 925 3698 talem

124 3724 251 3780 Possunt
265 3724 294 3779 in
310 3741 410 3798 regno,
427 3726 523 3798 qualis
538 3728 612 3783 nitet
627 3745 705 3802 ergo,
723 3730 867 3802 paterno?
929 3738 937 3751 ‘

122 3812 216 3869 ludei
231 3813 347 3885 spurcis
361 3813 438 3870 hanc
453 3816 504 3871 sed
520 3833 654 3889 sprevero
669 3818 779 3887 salivis,

123 3901 308 3974 Maxillisqae
324 3902 397 3959 meis
413 3903 512 3976 alapas
529 3904 657 3962 tribucre
673 3907 828 3981 malignas,

122 3991 217 4063 Atque
232 4008 338 4047 manus
353 3991 442 4047 clavis
458 3993 537 4066 ligno
553 3996 640 4051 fixere
655 3996 784 4054 cruentis

123 4081 200 4138 100
215 4080 255 4137 De
270 4080 341 4136 limo
359 4081 515 4154 pulchram
532 4084 615 4156 qheis
634 4085 776 4158 plasmavi
800 4089 949 4163 protopla-

123 4170 195 4225 Cum
205 4170 312 4242 quibus
324 4175 352 4226 et
360 4171 448 4227 creles
459 4175 573 4229 extendi
584 4175 710 4248 denique
721 4177 823 4234 celsos.
845 4178 948 4253 latum,

122 4259 207 4327 Nam,
223 4259 248 4315 si
265 4259 388 4339 respicio
403 4264 521 4329 terram,
538 4264 648 4334 pavitat
663 4267 839 4336 tremefacta,

122 4347 180 4403 Nec
196 4348 253 4403 mis
268 4348 387 4405 terroris
403 4350 479 4422 potis
496 4354 540 4405 est
554 4351 661 4408 inferre
675 4355 814 4425 potentis.

121 4436 157 4492 Et
171 4430 368 4509 precedentes
383 4438 489 4494 aeriter
504 4445 591 4510 ceput
606 4445 693 4514 atque
709 4450 868 4513 moventes,

122 4525 168 4582 Me
184 4524 260 4580 mele
275 4525 369 4581 Jndei
385 4527 557 4583 deridebant
572 4528 719 4587 scelerosi.

121 4614 188 4671 llec
203 4631 270 4670 eum
284 4615 462 4691 damnandis
478 4620 594 4689 paterer
608 4620 753 4692 patienter
768 4622 804 4677 ab
821 4623 892 4693 illis,

122 4702 204 4776 Ipsos
218 4703 347 4759 vindicta
362 4703 440 4760 volui
455 4723 513 4761 non
530 4709 650 4779 perdere
660 4710 753 4780 juste,

121 4793 189 4861 Sed,
202 4793 297 4849 crucis
312 4793 342 4848 in
357 4793 437 4866 ligno
452 4800 577 4852 mortem
591 4797 681 4870 gratis
696 4799 844 4871 patiendo,

121 4880 206 4937 Oravi
222 4881 337 4939 Patrem
353 4882 527 4942 clementius
541 4887 781 4959 omnipotentem,

122 4969 183 5027 lllis
198 4972 337 5028 continuo
352 4972 498 5031 dimittere
513 4976 637 5032 crimina
652 4980 743 5046 tanta,

122 5059 258 5117 Suadens
272 5062 404 5135 exemplo
420 5062 481 5132 tali,
499 5082 563 5136 que
576 5070 646 5121 sunt
660 5066 802 5136 facienda,

122 5147 159 5204 Ut
173 5165 238 5205 mea
253 5148 378 5208 coelestis
394 5151 475 5208 lleret
490 5150 621 5209 doctrina
636 5154 741 5225 tidelis,

121 5237 157 5294 aa
171 5254 207 5293 ne
222 5238 289 5310 qais
304 5239 381 5296 fietis
399 5241 519 5298 auderet
533 5240 629 5299 dicere
643 5244 749 5313 verbis,

122 5325 204 5394 Ecce,
218 5326 296 5396 quod
312 5326 375 5399 ipsc
390 5327 450 5400 pati
466 5328 587 5401 respuit,
604 5346 657 5386 nos
672 5330 745 5387 serre
761 5335 865 5402 suasit,

122 5414 166 5480 st,
183 5414 261 5487 qnod
277 5433 335 5472 non
352 5416 429 5485 feeit,
447 5417 596 5474 faciendos
613 5436 665 5475 nos
681 5420 742 5477 sore
756 5422 851 5478 dixit:

122 5501 232 5574 Sponte
247 5504 328 5577 prior
342 5507 445 5562 mortis
461 5506 539 5562 subii
554 5507 727 5565 discrimina
742 5511 845 5581 tristis,

121 5589 179 5663 Ceu
195 5597 295 5664 pastor
309 5611 405 5663 verus,
423 5596 519 5651 cordis
535 5596 663 5654 bonitate
679 5598 784 5668 fidelis,

1003 1147 1083 1203 Sacri
1098 1146 1252 1219 gratiolam
1268 1146 1349 1202 vobis
1365 1149 1416 1203 seil
1434 1147 1575 1202 Flaminis
1590 1148 1709 1215 almam,

1002 1237 1141 1292 Emittam
1157 1234 1255 1304 eitius,
1272 1253 1336 1308 qum
1353 1254 1402 1292 vos
1417 1253 1519 1291 verum
1536 1237 1620 1292 docet
1633 1237 1724 1304 intus,

1004 1327 1126 1397 insuper
1140 1324 1202 1398 ipso
1218 1325 1280 1381 dies
1294 1325 1445 1381 vobiscum
1463 1325 1573 1381 scilieet
1588 1342 1689 1381 omnes

1004 1416 1161 1471 Finetonus
1178 1430 1292 1482 maneo,
1308 1414 1411 1471 mundi
1427 1431 1479 1487 per
1493 1419 1625 1487 tempora
1639 1419 1754 1470 cuncta.

1039 1505 1103 1560 llaec
1120 1503 1170 1560 ubi
1186 1503 1264 1560 dicta
1279 1502 1368 1572 dedit,
1383 1519 1540 1559 conversus
1555 1502 1681 1575 denique
1694 1502 1767 1559 dixit

1002 1594 1045 1648 Ad
1061 1596 1185 1648 matrem
1202 1590 1350 1665 propriam
1367 1596 1523 1648 mansueta
1536 1607 1617 1658 voce,
1634 1592 1755 1649 Mariam
1775 1611 1780 1647 :

1003 1683 1061 1738 Nee
1076 1682 1269 1750 contristeris,
1287 1680 1391 1754 rogito,
1407 1680 1581 1754 virguncula
1596 1687 1686 1748 casta,

990 1773 1074 1836 ‚Cum
1090 1788 1136 1826 me
1152 1770 1307 1843 praecisos
1322 1769 1421 1826 videas
1436 1771 1593 1826 ascendero
1608 1768 1706 1837 eoelas,

1003 1861 1042 1915 To
1057 1858 1126 1932 quie
1142 1858 1310 1931 preclaram
1325 1857 1427 1914 mundi
1445 1875 1501 1914 non
1517 1857 1619 1930 linquo
1636 1856 1795 1927 lucernam,

1002 1950 1076 2006 101
1093 1951 1186 2020 Atque
1205 1963 1304 2002 meum
1329 1952 1462 2003 sanetum
1488 1947 1619 2019 migrans
1643 1965 1700 2003 non
1726 1949 1828 2004 desero

1003 2037 1060 2092 Nec
1073 2038 1270 2108 incorruptam
1282 2036 1345 2091 vite
1358 2036 1476 2091 dimitto
1487 2052 1635 2102 coronam,
1661 2034 1827 2108 [templum

1003 2127 1102 2182 Inveni
1117 2125 1211 2181 solam
1228 2125 1412 2196 praecunctis
1428 2129 1455 2178 te
1471 2122 1540 2196 quin
1554 2129 1677 2191 eostam,

1002 2215 1254 2287 Condignamque,
1267 2230 1366 2269 meum
1382 2230 1488 2285 eorpus
1506 2229 1662 2286 generasse
1677 2216 1826 2269 sacratum

1003 2303 1097 2371 Certe,
1113 2304 1149 2360 de
1165 2304 1275 2359 mundo
1291 2319 1358 2358 eum
1375 2305 1402 2358 to
1416 2301 1566 2359 discedere
1586 2300 1704 2370 mando,

1003 2395 1049 2451 Ad‘
1061 2399 1089 2450 to
1103 2392 1248 2449 eoelieolas
1264 2408 1323 2448 non
1338 2391 1434 2448 solum
1449 2391 1534 2447 mitto
1547 2394 1687 2461 catervas,

1005 2485 1070 2559 lpse
1085 2483 1135 2538 sed
1152 2482 1309 2538 adveniens
1325 2482 1454 2536 animam
1471 2496 1588 2536 sumam
1604 2481 1797 2549 benedictam,

1006 2572 1131 2629 Multum
1148 2571 1207 2627 sole
1223 2570 1342 2644 quidem
1358 2568 1491 2625 rutilanti
1507 2567 1747 2642 splendidiorem,

1005 2651 1063 2719 Nec
1079 2677 1148 2729 non,
1163 2658 1303 2732 angelicis
1318 2659 1475 2715 deductam
1491 2656 1620 2714 suaviter
1634 2656 1764 2730 hymnis,
1849 2669 1852 2673 ’

1006 2752 1101 2825 Ocyus
1115 2749 1288 2822 astrigeram
1301 2764 1408 2820 ponam
1424 2749 1595 2803 veneranter
1610 2746 1640 2801 in
1656 2745 1765 2814 aulam,

1006 2841 1042 2895 At
1056 2847 1145 2907 nune,
1162 2839 1305 2896 Joannem
1321 2839 1417 2892 tecum
1434 2834 1584 2892 remane'ro
1601 2835 1728 2902 fidelem,

1007 2930 1131 3001 lmporo,
1149 2927 1197 2999 qai
1214 2926 1339 2998 gemmis
1355 2924 1446 2998 fulget
1461 2925 1534 2981 beno
1548 2922 1734 2996 virginitatis,

1007 3019 1043 3074 Ut
1060 3022 1109 3073 tua
1123 3017 1182 3072 vita
1197 3015 1290 3087 magis
1305 3014 1475 3087 praefulgeat
1490 3013 1608 3086 inclyta,
1625 3014 1713 3069 castis

1008 3106 1120 3179 Sepias
1136 3103 1285 3177 obsequiis
1299 3104 1481 3159 circumdata
1496 3102 1680 3175 virginitatis.

1043 3195 1134 3251 lllicet
1148 3193 1299 3267 angelicus
1315 3193 1458 3248 dicentem
1475 3192 1554 3259 tnlia,
1571 3195 1664 3247 cretus

1006 3286 1105 3358 lpsurn
1121 3283 1282 3339 dulcisonis
1296 3281 1629 3338 laudans'eircumelcdit
1648 3280 1776 3353 hymnis,

1005 3375 1040 3430 llt
1055 3392 1122 3429 nrox
1136 3373 1302 3445 contegitur
1317 3372 1415 3428 subito
1430 3388 1498 3426 cum
1515 3371 1591 3426 nube
1605 3371 1718 3425 serena.

1005 3463 1187 3519 Conveniunt
1200 3460 1260 3516 illic
1276 3465 1406 3516 veterum
1422 3458 1507 3515 canei
1522 3455 1639 3531 quoquo
1653 3461 1763 3526 vetum,

1005 3551 1084 3607 Inter
1098 3566 1171 3623 quos
1187 3550 1303 3605 medius
1319 3548 1420 3614 David,
1438 3565 1487 3602 rex
1504 3546 1628 3620 psallero
1644 3548 1758 3617 doctus,

1003 3639 1132 3696 Gantens
1147 3639 1176 3693 in
1192 3637 1322 3705 citharis,
1340 3637 1475 3691 hortatur
1490 3636 1598 3691 talibus
1614 3636 1699 3702 ersis,

1004 3728 1111 3784 Natum
1127 3724 1252 3781 eoelestis
1268 3723 1375 3781 solium
1390 3723 1510 3794 petiisse
1526 3723 1670 3786 Parentis,

1004 3816 1136 3873 llraltaro
1151 3831 1240 3887 super
1255 3812 1354 3881 coelos,
1370 3813 1454 3869 sortis
1469 3813 1558 3879 Deus,
1575 3810 1661 3878 altos,

1002 3908 1096 3979 Atque
1111 3921 1200 3977 super
1215 3905 1305 3960 totam
1321 3901 1424 3957 mundi
1441 3905 1493 3957 tua
1507 3899 1600 3973 gloria
1614 3901 1732 3955 terram.

1003 3995 1119 4052 Scilicet
1134 3992 1274 4066 angelicis
1289 3991 1416 4049 suadens
1431 3990 1472 4047 ait
1487 3991 1544 4046 ista
1558 3988 1692 4058 catervis,

1002 4085 1132 4142 Exultate
1148 4085 1240 4141 Deum
1257 4080 1405 4138 modulato
1422 4080 1552 4136 carmine
1568 4084 1712 4145 nostrum,

1002 4175 1125 4232 Orantes
1141 4174 1171 4230 in
1187 4176 1353 4228 montosae
1369 4172 1471 4226 crebra
1486 4187 1568 4242 preco
1584 4172 1697 4237 saneto,

1003 4264 1059 4320 lste
1074 4264 1151 4319 Deus
1167 4261 1309 4319 Dominus
1325 4266 1434 4328 noster,
1450 4263 1565 4316 constat
1580 4260 1651 4331 quia
1666 4263 1798 4314 sanctus.

1038 4354 1072 4408 Et
1087 4351 1220 4407 Christus
1235 4349 1332 4417 Josus,
1348 4346 1431 4404 vultu
1447 4347 1560 4404 ridente
1575 4363 1720 4413 reversas,

1003 4439 1159 4514 Discipulis
1175 4439 1281 4495 iterum
1296 4436 1393 4494 verbis
1409 4437 1524 4493 dicebat
1539 4434 1642 4491 amicis
1659 4453 1665 4490 :

962 4536 988 4614 [J
1003 4532 1059 4587 Pax
1074 4529 1166 4596 vobis,
1183 4530 1297 4596 fratres,
1314 4543 1430 4599 semper
1445 4524 1517 4580 mihi
1535 4524 1588 4579 rita
1603 4522 1715 4589 fideles,

1001 4619 1081 4676 Velle
1095 4634 1193 4674 meum
1210 4617 1260 4690 qui
1277 4615 1399 4683 lecistis,
1416 4630 1468 4669 nec
1485 4628 1543 4668 non
1560 4611 1684 4680 facietis,

1000 4710 1073 4765 Ecce
1087 4724 1183 4764 ineam
1199 4704 1335 4762 stabilem
1351 4703 1433 4759 vobis
1449 4702 1485 4758 do
1502 4700 1628 4772 deniquo
1643 4715 1755 4772 pacem,

1000 4799 1039 4854 Ae
1055 4798 1136 4855 vobis
1149 4796 1244 4868 ipsam
1260 4809 1361 4866 pacem
1376 4790 1492 4847 dimitte
1509 4805 1677 4863 perennem.

1000 4888 1131 4955 Haesit,
1147 4889 1175 4941 et
1194 4883 1291 4948 citius,
1307 4878 1424 4954 proprio
1439 4878 1545 4935 virtute
1561 4877 1682 4944 levatus,

1000 4975 1148 5044 Ascendit,
1164 4973 1219 5029 diri
1233 4972 1325 5028 victor
1340 4987 1428 5042 super
1443 4967 1550 5025 athera
1565 4966 1648 5034 lethi,

1001 5067 1077 5124 102
1093 5061 1239 5134 Obsequio
1255 5058 1342 5116 nubis
1358 5059 1573 5131 circumseptus
1589 5054 1748 5112 rutilantis.

1002 5151 1092 5224 Quem
1109 5167 1227 5207 sursum
1244 5149 1308 5205 fixis
1323 5164 1391 5204 eum
1408 5147 1584 5220 respexisset
1597 5143 1699 5202 ocellis

1001 5243 1085 5302 Plebs
1102 5239 1213 5297 doctrix
1226 5238 1304 5304 fidei,
1321 5235 1459 5293 claustris
1476 5234 1539 5292 coeli
1555 5231 1718 5307 patefactis,

1002 5335 1171 5405 Pergentem
1187 5342 1318 5394 sursum,
1334 5322 1448 5382 cunctis
1462 5321 1674 5380 famulantibus
1690 5321 1789 5389 astris,

1001 5424 1067 5480 Mox
1082 5419 1140 5473 duo
1156 5432 1260 5488 nempe
1275 5413 1339 5481 viri,
1357 5411 1472 5470 stellato
1489 5411 1606 5468 cardine
1619 5409 1707 5482 lapsi,

1000 5507 1159 5567 Astiterant
1174 5503 1242 5571 illis,
1261 5501 1355 5558 induti
1371 5501 1501 5557 vestibus
1516 5498 1600 5567 albis,

1001 5600 1055 5670 Qui
1071 5594 1142 5653 satis
1158 5591 1298 5664 angelicis
1314 5591 1450 5647 dixerunt
1464 5587 1534 5647 talia
1548 5588 1644 5648 verbis
1661 5607 1667 5647 ε
