3900 6090
115 240 176 301 265

557 242 608 304 DE
629 242 722 305 vira
744 239 908 304 tenonis
933 240 1099 306 cesaris
1124 245 1368 311 GOliZlENSlS.

1758 256 1818 316 266

114 374 294 429 monasterio
310 373 386 428 datis
407 374 593 430 redimerent.
612 377 733 432 hlutrein
758 393 871 457 quoqne
894 394 938 431 se·
952 379 977 442 Α
994 379 1110 432 rinirnus
1122 380 1276 448 attolleret,
1292 388 1322 437 ot
1333 384 1476 455 penejam
1489 384 1543 439 sibi
1555 387 1694 456 possibile
1705 405 1768 443 esse
1780 391 1816 444 ad

111 462 209 518 cundo
226 464 287 518 viro
302 462 432 531 viduum,
449 470 516 535 pest
538 465 712 523 nonnullum
738 474 852 540 tempus
869 485 935 523 cum

110 550 262 624 aliquibus
277 567 312 606 eu
326 551 439 607 faenilia
453 553 489 607 ad
506 570 537 608 sc
557 560 766 623 recurrentem,
782 557 859 629 quod
872 557 936 628 jam

109 639 301 712 provectioris
325 645 403 696 esset
426 641 531 709 atatis,
549 643 578 697 in
603 644 680 715 stipe
700 645 869 701 monasterii
892 645 937 681 ¹⁵⁶⁰

108 732 192 786 extra
205 729 345 802 suscepit.
357 729 411 784 Ubi
427 729 516 784 etiam
533 729 631 803 plures
647 748 740 787 annos
757 733 819 804 ipsa
834 735 937 788 sancta

107 834 185 874 anus
200 822 303 890 postca
317 818 346 872 in
364 819 440 874 bona
464 819 693 889 conversatione,
711 820 851 876 iratribus
867 836 935 876 cen-

107 907 288 981 gregationis
303 907 397 978 ipsius
413 909 541 964 serviens
553 908 663 981 deguit,
675 914 704 965 et
716 927 840 982 quaque
851 910 880 965 ie
891 925 936 965 ve

107 996 208 1053 stibus
222 1001 306 1052 erunt
331 997 505 1064 necessaria,
523 997 588 1069 ipsu
602 1014 669 1053 curn
685 999 748 1054 suis
772 998 933 1071 aliquibus,

107 1102 174 1158 qua
190 1102 292 1143 secum
307 1085 337 1141 in
361 1086 462 1143 eadem
478 1086 554 1159 stipe
578 1088 747 1144 monasterii
764 1089 933 1157 manebant,

107 1180 231 1233 strenue
244 1175 318 1233 satis
339 1193 372 1232 ac
391 1175 517 1233 fideliter
531 1177 692 1235 exercebat.
709 1177 810 1250 ibique
825 1177 854 1232 in
870 1177 934 1249 ipso

108 1265 275 1323 devotionis
290 1264 430 1338 obsequio
443 1265 522 1321 diem
537 1265 644 1322 clausit
658 1271 832 1327 extremum.

145 1356 191 1413 46.
202 1355 274 1413 (lum
292 1355 328 1411 ud
344 1352 422 1412 huuc
433 1355 476 1391 ¹⁵⁶¹
493 1370 586 1429 usque
596 1353 693 1411 lacurn
704 1354 761 1411 nisi
773 1355 933 1416 admodum

107 1443 252 1502 debiliore
267 1448 394 1516 evectus,
407 1443 437 1501 in
452 1444 662 1501 documentum
677 1460 798 1517 prorsus
813 1444 932 1503 hebetu-

107 1537 221 1594 tionem
230 1533 444 1610 ingenii,veluti
451 1533 562 1591 viribus
571 1533 932 1606 cunetisellusis,acoepto

105 1622 229 1684 medem
240 1623 339 1699 segnis
352 1627 380 1680 et
390 1627 541 1696 tamquam
554 1621 647 1680 multo
657 1639 743 1697 apere
754 1621 931 1691 delassatus,

993 468 1069 537 qnod
1086 474 1164 524 tereto
1180 470 1285 542 plausu
1303 472 1498 545 instigabatur
1513 476 1706 545 promitteret,
1721 477 1748 528 in
1770 494 1814 531 se-

992 559 1051 610 met
1059 556 1212 627 paululum
1224 563 1290 630 post
1302 563 1398 615 temen
1409 561 1551 633 relapsus,
1559 560 1700 618 etvirium
1714 562 1816 619 itidem

992 647 1023 697 ut
1034 649 1117 699 crant
1127 647 1359 704 consideratione
1371 666 1533 717 remensus,
1547 667 1604 705 non
1616 651 1715 706 minus
1726 668 1815 724 quum

991 733 1166 805 eprineipio
1182 736 1304 807 proprie
1329 737 1436 793 inercie
1452 741 1615 808 veternum,
1626 737 1687 794 sole
1707 739 1816 798 harere

991 821 1182 892 compulerat.
1191 824 1246 878 Sed
1259 827 1291 879 ut
1304 824 1362 880 cito
1374 842 1470 881 moras
1482 826 1679 882 cunctationis
1691 828 1817 884 dirrum-

990 926 1069 980 pam,
1086 926 1152 964 cum
1178 911 1220 964 hu
1244 917 1403 985 utcumque
1423 914 1612 970 animationis
1629 917 1673 950 ¹⁵⁶³
1693 917 1815 971 excitas·

989 1003 1065 1067 sent,
1078 1002 1142 1054 turn
1154 1000 1203 1071 qui
1218 1000 1446 1058 inminutionem
1462 1020 1545 1058 unior
1555 1004 1608 1058 viri
1619 1022 1706 1076 quem
1718 1022 1815 1063 susce-

989 1086 1088 1159 pimus
1112 1088 1206 1144 nescit
1231 1089 1403 1156 admittere,
1429 1107 1487 1162 pra
1513 1092 1651 1148 omnibus
1674 1093 1815 1167 quicquid

988 1175 1096 1232 virium
1125 1177 1198 1233 inihi
1228 1182 1328 1251 posset
1362 1196 1532 1251 superesse,
1559 1197 1706 1254 superque
1735 1182 1814 1255 ipsas

987 1265 1064 1322 vires
1078 1266 1254 1323 contendere
1269 1266 1325 1323 sibi
1347 1267 1442 1339 coegit
1463 1269 1635 1341 expendere.
1653 1270 1753 1343 ltaque
1769 1285 1813 1326 re-

989 1353 1069 1426 liqua
1098 1355 1134 1410 ab
1163 1354 1227 1426 ipse
1252 1353 1402 1428 religionis
1426 1356 1529 1413 habitu
1553 1362 1681 1429 accepto,
1704 1375 1762 1431 que
1786 1358 1813 1416 ei

988 1441 1167 1499 conversatio
1185 1444 1281 1512 luerit,
1297 1449 1442 1516 quantum
1458 1445 1570 1501 scilieet
1581 1451 1676 1503 auten
1686 1447 1813 1504 testibus

987 1531 1102 1587 eunetis
1117 1532 1174 1603 piis
1189 1533 1254 1605 ejus
1266 1532 1381 1589 actibus
1393 1533 1612 1602 adherentibus,
1624 1535 1695 1591 viris
1710 1535 1811 1609 utique

988 1618 1143 1693 religiosis,
1160 1625 1210 1676 aut
1234 1636 1268 1677 ex
1292 1621 1355 1692 ipso
1371 1627 1518 1690 narrante,
1536 1629 1568 1679 ut
1588 1641 1674 1680 casus
1699 1624 1811 1681 tulit-

105 1713 230 1775 brachiu
243 1714 362 1787 penitus
377 1711 560 1785 dejecissem,
575 1728 627 1768 nec
643 1712 767 1769 ulterius
781 1712 859 1767 viam
875 1728 932 1784 qua
949 1743 973 1809 B
988 1709 1065 1780 quod
1081 1714 1190 1776 tamen,
1208 1708 1278 1765 dum
1303 1707 1427 1782 gloriam
1452 1711 1573 1783 respuit,
1586 1730 1684 1768 rurum
1712 1714 1768 1769 l'uit
1778 1744 1813 1755 —-

104 1802 296 1876 procederem
307 1807 359 1859 aut
374 1800 486 1858 nullam
499 1805 549 1857 aut
560 1799 719 1857 difficulter
730 1801 934 1857 inveniendam

105 1892 182 1950 mihi
195 1907 360 1966 superesse,
369 1907 529 1963 sperarem,
538 1890 688 1964 inopinato
699 1889 865 1946 studiorum
877 1906 937 1946 om·

105 1983 193 2038 nium
209 1979 258 2038 lux
280 1981 335 2037 hee
356 1966 459 2037 ¹nostra
483 1978 681 2035 nominandus
706 1983 845 2046 stataet
867 1995 935 2035 eum

107 2068 178 2143 usui
192 2073 258 2125 turn
269 2067 384 2125 ornatui
396 2082 493 2123 rerum
506 2064 639 2121 omnium
651 2070 730 2121 tatus
741 2071 839 2133 nutus,
847 2065 937 2121 maxi-

109 2175 181 2215 mus
196 2161 224 2213 et
234 2155 355 2214 inclitus
366 2154 470 2228 proesul
482 2154 609 2210 domnus
624 2154 793 2228 supervenit
802 2153 936 2209 Deoderi-

108 2264 175 2304 cus.
189 2250 250 2314 Quo
261 2243 397 2301 videlicet
412 2243 559 2301 hortatore
571 2247 659 2316 atquc
674 2242 844 2316 impulsore.
857 2247 890 2298 ut
906 2242 935 2298 in

112 2335 269 2410 principiis
280 2332 403 2401 reddidi,
416 2332 501 2388 unice
516 2335 726 2405 pretercetera
741 2349 822 2399 usus,
835 2332 871 2387 ad
882 2331 936 2388 hoe

110 2441 189 2497 opus
205 2422 330 2478 nimium
346 2420 441 2476 audax
455 2419 585 2492 prorupi.
603 2419 630 2475 ls
646 2419 694 2474 ubi
710 2435 756 2475 me
772 2436 840 2475 casu
857 2418 936 2475 domi

110 2510 292 2579 eonvenit,si
303 2508 374 2582 quid
383 2508 460 2582 jussi
471 2507 567 2580 operis
578 2523 629 2563 seu
645 2512 790 2580 quantum
805 2508 936 2565 coniece-

111 2601 171 2656 rim
183 2596 399 2672 requisivittlui
409 2613 477 2654 cum
487 2597 682 2665 verebundus,
695 2597 737 2654 uti
756 2597 840 2669 egeni
852 2613 935 2652 cans·

110 2691 180 2747 ciue
194 2688 313 2765 ingenii,
330 2703 383 2744 nec
401 2702 517 2762 negare,
535 2703 587 2745 nec
610 2685 710 2756 libere,
722 2688 800 2759 quod
820 2703 936 2760 quoquo

111 2777 202 2835 mode
218 2777 349 2850 ineptum
365 2780 394 2833 et
416 2774 536 2849 plenum
560 2791 706 2849 nugarum
722 2777 881 2843 edideram,
893 2777 935 2832 el-

111 2868 190 2923 lerra
199 2879 417 2939 praesumerem,
430 2869 517 2936 atquc
527 2864 603 2920 inter
613 2863 787 2922 utrumlibet
798 2865 937 2927 hesitans

111 2951 302 3026 trepidarem,
314 2949 372 3018 ille,
385 2950 512 3006 scedulis
527 2951 583 3008 sibi
598 2951 713 3013 deterre⁴
718 2953 824 3023 jussis,
835 2954 936 3012 ordine

109 3043 222 3098 cuneta
235 3038 375 3108 cucurrit,
392 3038 467 3095 Turn
482 3055 549 3095 vcro
563 3039 642 3096 velut
659 3056 718 3108 aas,
735 3042 785 3113 qui
802 3042 858 3101 sub
872 3041 940 3103 luce

991 1797 1170 1864 audivimus,
1181 1796 1224 1852 vel
1242 1814 1305 1869 quai
1321 1798 1388 1869 ipsi,
1400 1800 1508 1870 quibus
1525 1800 1605 1855 ncilla
1620 1802 1716 1872 potior
1729 1801 1812 1867 lidos,

991 1887 1202 1958 persensimus,
1231 1886 1297 1942 hinc
1323 1890 1354 1941 ut
1383 1887 1498 1943 [lomim
1527 1890 1582 1944 erit
1607 1889 1813 1945 misericordia

990 1991 1212 2047 prosequemur.

1026 2065 1070 2121 49.
1083 2064 1216 2121 Ceterum
1236 2080 1270 2119 uc
1285 2065 1331 2120 cui
1348 2080 1399 2119 seu
1417 2065 1580 2137 interrupta
1595 2073 1646 2122 aut
1658 2066 1815 2122 extraordi-

991 2153 1073 2209 naria
1083 2153 1173 2209 series
1182 2153 1324 2220 rideatur,
1332 2154 1357 2208 si
1369 2171 1427 2225 qua
1437 2154 1472 2209 dc
1483 2155 1625 2226 persenis,
1633 2173 1758 2228 quarum
1770 2157 1814 2192 ¹⁵⁶³

991 2242 1142 2316 quippiam
1158 2259 1260 2298 earum
1280 2259 1336 2315 que
1351 2243 1485 2298 dicentur
1501 2244 1642 2302 interesse
1656 2245 1814 2312 videbitur,

991 2330 1300 2403 inserentur‚quarum
1312 2330 1505 2387 ctnoneulles
1514 2334 1646 2405 superior
1653 2333 1814 2407 propositio

992 2418 1102 2490 intulit,
1113 2423 1141 2475 et
1156 2420 1313 2478 decurrens
1329 2420 1402 2476 elias
1423 2437 1474 2492 pre
1490 2438 1645 2478 causarum
1662 2422 1814 2494 oportuni-

991 2513 1049 2563 tate
1065 2512 1093 2564 et
1107 2512 1273 2580 temporum
1289 2526 1385 2565 sermo
1402 2510 1498 2581 plures
1514 2510 1642 2578 iuducet,
1655 2512 1690 2566 dc
1706 2511 1814 2583 quibus

991 2596 1093 2668 utiquc
1118 2597 1265 2668 prioribus
1289 2600 1497 2669 consequentia
1521 2616 1578 2655 non
1599 2599 1813 2668 reddere,rati0

992 2685 1160 2757 ipsa,etium
1171 2686 1195 2740 si
1207 2702 1390 2754 conaremur,
1399 2688 1556 2743 resisteret.
1565 2687 1659 2744 Simul
1667 2689 1812 2744 virisdem

992 2774 1076 2848 lenge
1090 2774 1328 2846 incomparabilis
1343 2792 1410 2831 cum
1428 2777 1467 2831 ita
1481 2776 1571 2832 vitain
1587 2777 1689 2850 egerit,
1701 2782 1735 2833 ut
1744 2776 1813 2833 seli·

991 2864 1084 2920 tarius
1100 2864 1176 2919 inter
1191 2863 1398 2920 multitudines
1412 2864 1513 2922 vixerit
1525 2896 1557 2906 -
1569 2882 1637 2921 uam
1654 2866 1763 2922 lrustra
1774 2867 1815 2922 ni-

991 2968 1042 3008 sus
1058 2951 1213 3020 recedcret‚
1226 2953 1250 3008 si
1266 2953 1334 3025 quis
1348 2953 1411 3024 ejus
1423 2952 1524 3008 robore
1535 2953 1677 3010 virtutum
1688 2971 1719 3011 se
1729 2970 1816 3026 posse

991 3042 1119 3112 aspirare
1135 3041 1337 3096 corifideretm
1348 3058 1405 3097 non
1417 3041 1473 3096 sibi
1489 3045 1587 3098 tamen
1603 3042 1657 3098 soli
1674 3060 1729 3116 que
1746 3044 1816 3101 lece-

111 3127 246 3203 muligna
260 3127 408 3184 diversum
424 3126 460 3183 ab
476 3143 509 3183 co
524 3127 602 3200 quod
618 3145 649 3185 sc
659 3129 748 3187 habet
762 3146 808 3187 res
823 3131 937 3189 intueu-
954 3109 976 3176 C
992 3130 1816 3205 ratarrogabat,verumcelerassecumoperariquicquid

111 3225 173 3289 tur,
186 3216 273 3273 made
283 3234 371 3290 mam
382 3221 465 3273 erant
477 3216 614 3273 dissimili
626 3233 694 3274 curn
705 3224 810 3279 cuncte
823 3220 935 3290 ellerre,

110 3293 148 3364 et
158 3306 324 3381 quibusque
339 3305 433 3362 obviis
455 3305 552 3378 palam
563 3306 687 3380 jactare,
699 3308 771 3364 sutis
789 3308 867 3380 qued
881 3310 935 3365 mi-

111 3411 194 3453 rarer
209 3411 295 3453 nosse
311 3412 369 3451 aon
384 3395 476 3468 potui.

147 3489 195 3544 47.
205 3485 476 3557 (DCCCCLXXVIll.
487 3487 547 3544 Dec.
559 3489 618 3556 25.)
629 3488 712 3544 Ferte
728 3490 767 3546 ibi
785 3495 855 3546 tune
865 3491 935 3547 Tra-

104 3575 253 3650 jectensis
267 3592 320 3633 seu
336 3574 544 3632 Dabectrensis
555 3576 683 3633 ecclesia
699 3579 829 3649 pontifex
838 3578 937 3635 claris-

108 3666 208 3722 simus
223 3669 311 3738 atque
326 3665 356 3719 in
371 3680 457 3738 grege
468 3664 620 3721 doctorum
636 3666 795 3722 admodum
805 3666 936 3723 celebra-

109 3758 162 3820 tus
175 3753 303 3811 domnus
313 3753 390 3826 Papo
398 3754 472 3822 (376)
484 3752 627 3819 adfuerat,
635 3754 718 3810 lestis
728 3753 835 3811 natalis
846 3755 938 3811 domi·

109 3842 171 3900 uici
201 3843 232 3899 in
256 3842 552 3904 communicationem
578 3843 752 3917 gaudiorum
775 3843 811 3899 ab
835 3845 938 3902 eodem

109 3937 213 3991 nostra
224 3932 366 4002 antistite,
379 3948 446 3989 curn
462 3950 526 4002 suo,
539 3932 568 3987 id
579 3920 623 3989 e'st
634 3932 727 4005 ipsius
744 3933 879 4006 Popoois,
892 3951 938 4008 ge

47 4048 50 4053 ·
109 4023 219 4091 uitare,
234 4022 295 4079 viro
311 4021 340 4076 in
357 4037 454 4081 rerum
475 4019 660 4094 publicarum
677 4038 747 4078 cura
767 4025 938 4080 strenuissi-

109 4127 161 4168 me
177 4115 265 4184 atque
281 4110 387 4167 cernite
403 4107 543 4182 palatino,
555 4109 602 4165 cui
614 4126 720 4167 nomeu
736 4111 839 4181 Barna,
851 4112 940 4170 assei·

111 4205 173 4256 tus.
184 4200 217 4256 lli
234 4215 301 4255 cum
319 4198 421 4254 eadem
441 4197 550 4270 pariter
564 4197 660 4254 verbis
676 4216 733 4256 noe
749 4200 839 4257 semel
855 4202 937 4258 sum-

111 4287 260 4345 eieutibus
285 4286 471 4360 ingeminans
487 4285 650 4357 extulisset,
667 4288 703 4343 ud
720 4305 766 4345 me
791 4291 938 4364 cumipse

110 4393 164 4433 ora
179 4392 348 4444 conversus,
361 4380 393 4431 ut
403 4379 498 4447 capta
513 4374 594 4432 nullo
605 4376 831 4435 cunctabundus
845 4379 939 4452 exple-

992 3219 1064 3274 illud
1075 3218 1118 3275 vel
1131 3219 1234 3275 secreti
1243 3219 1335 3276 solius
1349 3223 1428 3275 esset
1438 3220 1601 3293 judicabat.
1611 3220 1748 3294 Nihilque
1757 3237 1816 3294 pra

991 3325 1023 3363 se
1033 3307 1168 3379 superius
1177 3324 1265 3380 qnam
1275 3309 1512 3365 eommunisvitre
1520 3309 1815 3383 actionemumquam

991 3396 1098 3453 alicubi
1116 3398 1375 3464 leceratouoeirca
1386 3399 1434 3471 qui
1452 3399 1477 3454 ei
1493 3398 1602 3471 pariter
1613 3400 1814 3467 versabantur,

991 3501 1092 3543 eorum
1110 3504 1168 3543 uon
1184 3487 1321 3542 inmerito
1340 3488 1431 3561 gestis
1455 3487 1549 3559 ipsius
1562 3492 1626 3543 acta
1641 3488 1813 3554 intererunt,

991 3578 1040 3649 qui
1057 3594 1114 3633 non
1131 3576 1217 3632 modo
1233 3575 1344 3632 nullam
1358 3581 1509 3648 tamquam
1524 3577 1689 3648 superiores
1703 3577 1729 3632 ei
1745 3575 1816 3632 invi-

991 3667 1070 3721 diurn
1088 3666 1204 3732 sacient,
1217 3665 1267 3720 scd
1284 3664 1342 3720 illis
1356 3665 1454 3737 potius
1465 3680 1499 3720 ex
1510 3665 1584 3720 tanti
1595 3665 1648 3719 viri
1658 3665 1814 3720 contuber-

991 3755 1040 3810 nio
1061 3753 1157 3826 fulgor
1168 3754 1212 3787 ¹³⁶⁶
1228 3752 1443 3825 quedammodo
1465 3752 1591 3825 amplior
1615 3752 1816 3809 cumulabitur

991 3848 1020 3896 et
1040 3840 1159 3898 claritas
1173 3846 1283 3897 crescet
1297 3845 1326 3896 et
1340 3840 1443 3912 gloria.

1025 3932 1072 3986 50.
1088 3933 1251 4002 Antequam
1264 3946 1332 4002 ergo
1344 3928 1421 3985 ultra
1431 3946 1627 4002 promoveam,
1639 3930 1735 4003 prima
1746 3931 1817 4003 quia

992 4037 1050 4076 non
1062 4020 1134 4076 alias
1144 4019 1266 4076 l'orsitan
1277 4018 1372 4091 magis
1382 4023 1524 4089 oportune
1535 4035 1565 4074 se
1576 4018 1658 4076 locus
1666 4021 1769 4078 ollerre
1777 4021 1818 4078 vi·

993 4109 1205 4177 detur,deviris
1214 4106 1399 4186 quoqueitlis
1407 4108 1709 4181 venerabilibus,quos
1721 4115 1819 4168 textus

993 4199 1129 4271 superior
1149 4197 1322 4255 memoravit
1336 4199 1407 4270 (cop.
1420 4197 1478 4266 23),
1488 4197 1605 4260 Andrea
1623 4203 1710 4273 atque
1726 4201 1817 4257 llum·

992 4288 1223 4361 bert0,dignun1
1240 4286 1364 4342 arbitrer
1378 4285 1474 4341 dicere
1491 4302 1616 4359 quorum
1633 4294 1754 4361 uterque
1769 4289 1816 4346 his

993 4379 1062 4436 item
1080 4378 1212 4448 utrisque
1228 4373 1349 4431 Einoldo
1369 4380 1456 4447 atque
1478 4375 1604 4432 iohanni
1621 4394 1677 4432 non
1694 4377 1816 4449 imparis

111 4456 321 4537 rem,hortatu
351 4463 446 4536 magis
476 4479 508 4519 ac
538 4464 634 4539 magis
658 4463 800 4536 ampliore
824 4467 1170 4540 animestanctitatis,
1184 4465 1374 4520 incitamenta
1389 4469 1417 4519 et
1433 4465 1552 4537 quidam
1564 4467 1647 4538 quasi
1659 4466 1816 4524 stimuliae

110 4553 220 4609 addere
240 4557 269 4609 et
294 4552 390 4609 lavere
415 4569 504 4625 quarn
520 4552 648 4625 plurimo
664 4554 736 4610 mihi
759 4561 857 4612 tamen
873 4573 938 4612 eru-

110 4641 258 4698 bescendo
274 4658 331 4698 uon
346 4641 506 4697 desistebat
521 4642 688 4699 accendere.

146 4732 194 4786 48.
206 4731 396 4798 Quibuscum
413 4730 443 4785 in
457 4730 585 4804 aliquam
601 4730 674 4788 sorte
689 4732 858 4791 facilitatem
875 4753 937 4793 sese

993 4558 1117 4612 virtutes
1132 4556 1220 4610 tuere.
1235 4554 1279 4608 liii
1290 4553 1369 4609 enim
1385 4557 1418 4608 ut
1436 4554 1515 4609 lama
1527 4554 1663 4627 vulgante
1674 4553 1736 4611 loco
1747 4572 1817 4627 prae·

993 4647 1069 4701 dicte
1081 4661 1111 4700 se
1123 4644 1198 4699 viros
1209 4643 1327 4699 eosdem
1338 4643 1481 4714 recepisse
1491 4647 1519 4699 et
1530 4642 1627 4714 plures
1639 4642 1768 4714 undique
1778 4643 1816 4699 ad

993 4753 1042 4791 eos
1059 4733 1161 4789 divinae
1178 4732 1327 4788 servitutis
1342 4747 1440 4786 amore
1451 4736 1652 4804 compererant
1667 4732 1814 4799 festinare,
1874 4775 1877 4783 .

789 4849 910 4907 VARlAE
930 4849 1137 4909 cocciones.

147 4954 195 4991 ¹⁸⁸⁸
210 4953 419 5010 monasteriic.
458 4953 654 5011 ¹⁵⁶¹adhucc,
695 4956 1030 5017 ¹⁵⁸¹animationesilub.
1070 4957 1292 5028 ¹⁸⁶³quorumc.
1331 4954 1527 5026 ¹⁵⁸‘iurgorc

903 5081 1020 5139 NOTAE.

147 5186 227 5255 (376)
242 5185 339 5260 Pappa
355 5187 415 5244 sive
431 5185 602 5244 Folcmarus
619 5187 696 5244 sedit
716 5189 801 5245 annis
815 5187 941 5244 err-990.

999 5187 1163 5272 appellatur
1177 5184 1372 5241 Wolrmurus.
1388 5182 1474 5239 Aliud
1499 5183 1665 5258 exemplum
1689 5188 1818 5246 nominis

112 5256 401 5329 Utrumquauomen
417 5259 496 5315 idem
512 5275 577 5317 esse
593 5260 623 5321 in
637 5261 698 5314 vita
713 5260 858 5318 Baunonia
872 5259 944 5315 vidi·
997 5259 1169 5341 huqusmodi
1186 5257 1294 5329 duplici
1311 5256 1397 5312 modo
1413 5257 1513 5312 usitati
1528 5258 1557 5311 in
1572 5257 1721 5314 Miraeulis
1734 5258 1819 5316 Adel·

111 5328 273 5384 mus.me
289 5329 380 5401 igitur
394 5346 462 5385 cum
478 5330 648 5387 Thietmaro
664 5348 701 5397 1v,
717 5331 742 5396 l,
757 5335 786 5395 2,
801 5337 830 5387 et
844 5333 940 5387 Anna·

995 5331 1092 5387 haidis
1102 5328 1237 5392 occurrit,
1249 5334 1279 5384 et
1293 5327 1459 5382 Liudolsum
1471 5333 1500 5384 et
1510 5327 1584 5384 Liud
1606 5329 1707 5385 ardum
1723 5330 1817 5388 Dudo·

111 5397 183 5455 lista
210 5398 322 5456 Saxone
348 5400 500 5472 Pappe'lr
521 5401 657 5457 'cetensis
683 5401 891 5528 intelligendus
912 5407 942 5458 et
996 5419 1062 5457 nem
1082 5405 1110 5456 ct
1132 5398 1295 5454 Dudicham
1319 5398 1414 5455 vocari
1436 5399 1574 5454 vidimus.
1619 5400 1704 5456 odem
1729 5405 1816 5462 mode

112 5470 258 5527 dicendus
269 5470 339 5537 erit;
352 5477 381 5526 et
392 5476 469 5527 recte
478 5472 515 5526 ab
537 5489 569 5526 as
581 5471 735 5529 Fuldeesis
743 5477 772 5528 et

111 5542 237 5609 mensis,
255 5542 304 5614 qui
330 5541 367 5597 ab
392 5543 459 5599 aliis
480 5542 588 5611 Babba,
606 5561 623 5599 a
639 5543 807 5601 'lhietmure
821 5543 895 5602 Vlll.
911 5545 939 5615 5,

270 5640 404 5706 Pareae.
427 5640 600 5705 CXXXVII.

805 5473 943 5533 auresha·

996 5473 1072 5545 apud
1086 5469 1194 5544 heglos
1209 5470 1353 5543 hodieque
1372 5469 1517 5526 liebertus
1531 5473 1560 5525 et
1574 5470 1748 5531 wilhelmus
1763 5492 1814 5533 ne·

996 5544 1077 5601 mina
1090 5543 1164 5615 Bopp
1179 5557 1294 5615 quoque
1310 5547 1338 5598 et
1351 5540 1416 5599 Dici
1429 5541 1599 5598 efferuntur.

1631 5645 1651 5713 9
