3900 6090
123 252 181 319 9⁴19
209 268 212 274 '
524 248 787 316 BROTSUITAAE
809 242 996 313 Mortales
1020 241 1426 311 Gedbuusuattmdsls

425 398 648 442 consentiamus,

159 477 252 545 Quam
269 475 343 531 bene
358 474 512 543 dieis‚mea
526 471 711 530 Constantia!

441 578 625 619 consranrm.

157 653 187 710 Si
202 668 301 709 meum
316 652 445 724 digneris
467 653 584 724 captare
608 648 774 717 consilium,
790 663 947 719 premons-

120 740 204 798 trabo
220 737 345 812 qualiter
360 742 519 811 utrumque
534 738 655 794 evadere
671 736 766 809 possis
791 736 944 792 damnum.

423 842 646 883 cessassemus.

156 916 327 974 Outinamt

440 1021 624 1060 consrnnrra.

156 1093 280 1160 Simulo,
308 1092 468 1165 prudenter
496 1097 612 1163 peraeta
636 1091 826 1164 expeditione,
851 1093 945 1164 ipsius

120 1180 196 1239 votis
211 1185 239 1236 te
254 1180 475 1236 satisfacturum
499 1196 577 1247 osse;
595 1184 622 1234 et
646 1184 679 1235 ut
703 1197 802 1235 mcum
826 1198 944 1237 eoncor-

122 1268 185 1325 deri
212 1269 311 1324 credat
333 1266 416 1334 velle,
434 1268 535 1334 suade,
552 1285 608 1339 quo
634 1285 703 1323 suas
728 1269 844 1324 interim
869 1270 945 1327 filias

120 1356 246 1413 Atticam
262 1373 295 1413 ac
308 1355 479 1424 artemiam,
495 1354 575 1411 velut
590 1373 641 1428 pro
655 1356 799 1412 solidandi
825 1358 945 1431 pignore

121 1444 239 1512 amoris,
261 1460 377 1501 mecum
406 1460 543 1499 mansum
566 1443 620 1512 ire,
645 1461 784 1518 meosque
807 1446 944 1518 primice-

120 1531 180 1589 rios
194 1533 337 1590 Joanncm
353 1537 382 1588 et
397 1532 520 1588 Paulum
537 1549 637 1588 secum
659 1533 746 1589 saciat
770 1535 823 1590 iter
846 1553 944 1609 arrep-

120 1620 250 1678 tumire.

422 1725 645 1768 cousranrmus.

152 1797 190 1856 Et
203 1799 285 1872 quid,
302 1799 327 1857 si
341 1799 433 1856 victor
455 1804 658 1868 reverteretur,
676 1802 749 1859 mibi
772 1804 827 1859 erit
853 1819 944 1878 agen·

121 1887 216 1944 dum?

439 1993 622 2035 coasranrm.

155 2063 231 2121 Reor
245 2065 446 2137 omnipatrem
462 2066 544 2139 prius
554 2082 618 2123 csse
629 2067 896 2144 invocandum,quo
908 2074 943 2128 ab

119 2151 291 2225 hujusmodi
304 2155 467 2212 intentione
482 2153 622 2211 Gallicani
637 2163 750 2214 revocet
763 2159 906 2217 animum.

421 2259 645 2299 consranrmus.

159 2331 267 2401 Ofilia,
283 2332 352 2401 filia,
365 2336 510 2404 quantum
528 2330 680 2388 dulcedine
690 2338 747 2389 tue
757 2335 942 2395 allocutionis

64 2474 69 2483 .
118 2422 345 2483 amaritudinem
362 2420 521 2477 dulcorasti
539 2422 634 2476 moesti
651 2422 752 2493 patris,
765 2427 835 2481 adeo
847 2432 879 2483 ut
891 2445 942 2500 pro

117 2513 173 2572 hae
187 2529 217 2569 ro
232 2510 315 2568 nulla
331 2514 396 2582 post
408 2510 469 2565 haee
482 2526 598 2566 movear
612 2509 819 2568 sollieitudine.

440 2613 620 2654 eonsrmrm.

130 2718 135 2727 ·
151 2691 213 2748 Non
228 2693 273 2746 cst
287 2704 416 2745 necesse.

416 2792 640 2834 cossi-inrisos.

149 2870 220 2926 Eam
236 2873 265 2925 et
279 2866 464 2924 Gallicanum
479 2866 544 2924 lota
561 2867 755 2941 promissione
778 2869 940 2928 circumve-

114 2958 204 3017 niam.

435 3061 619 3102 cessaturis.

150 3136 230 3191 Vade
244 3134 274 3189 in
290 3150 370 3205 pace,
388 3133 429 3189 mi
444 3133 572 3188 domine.

440 3237 555 3295 SCENA
574 3239 622 3294 111.

439 3343 624 3383 ananienses.

156 3419 331 3475 curiositate
346 3417 473 3488 frangar,
490 3431 506 3469 ο
522 3415 677 3488 principes,
694 3423 862 3489 antequam,
874 3420 943 3492 quid

121 3524 206 3565 meus
221 3506 319 3563 senior
328 3506 481 3577 Augustus
496 3504 598 3561 tandiu
614 3521 681 3560 eum
696 3505 780 3561 herili
796 3507 942 3582 illiaagat,

118 3597 259 3671 experiar.

452 3699 611 3739 resecrare.

150 3774 260 3832 Suadet
273 3772 315 3829 illi
330 3770 480 3844 velleque
496 3772 655 3829 desideras

434 3876 619 3918 sanaremus.
639 3920 647 3934 Χ

150 3953 172 4011 0
188 3954 301 4010 utinam
317 3950 485 4025 prevaleret
499 3951 613 4007 suasio!

338 4056 452 4096 alueus
468 4038 530 4113 [leq.
548 4038 717 4112 rnrnerresl.

131 4140 136 4146 '
153 4129 286 4190 Forsitan
302 4128 478 4201 praevalebit.

438 4232 624 4272 enarremus.

153 4307 252 4375 Silete,
266 4305 419 4379 quiescite,
429 4307 580 4377 Augustus
591 4305 814 4375 revertitur,non
826 4313 858 4363 ut
868 4309 942 4365 abiit

116 4398 252 4468 obscuro,
268 4395 319 4453 sed
334 4393 416 4450 vultu
432 4395 591 4451 admodum
605 4411 716 4451 sereno.

451 4498 611 4538 PRINCIPES.

152 4576 232 4633 Bona
246 4572 373 4631 fortuna.

436 4677 620 4717 asseremus.

151 4754 181 4810 Si
197 4751 288 4819 euim,
304 4755 338 4807 ut
352 4749 469 4818 dicitur,
486 4749 638 4822 speculum
655 4751 762 4807 mentis
777 4754 821 4807 est
840 4753 939 4822 iacies,

115 4841 258 4901 serenitas
274 4839 357 4896 faciei
373 4838 632 4895 mansuetudinem
647 4839 721 4895 sorte
731 4839 866 4913 designat
877 4841 942 4914 ejus

115 4929 217 4989 animi.

152 5090 196 5147 lta
451 5032 610 5074 persciens

436 5177 550 5234 SCENA
573 5177 619 5233 IV.

418 5284 640 5324 cessassemus.

151 5358 315 5415 Gallicane!

434 5462 618 5503 crearemus.

151 5532 224 5599 Ouid
240 5535 331 5591 dixit?

1337 393 1496 435 aerumnas.

1037 467 1171 535 Procede,
1189 468 1322 540 procede,
1340 472 1425 523 vocat
1438 471 1476 523 te.

1321 580 1505 621 casalenses

1036 654 1080 709 Dii
1097 656 1225 727 propitii,
1243 655 1350 711 favete!

1303 768 1526 810 consranrmus.

1037 843 1125 914 Perge
1140 858 1273 910 securus,
1290 841 1447 909 Gallicano,
1459 841 1496 896 ad
1512 840 1634 897 bellum.
1647 841 1836 898 deversurus

1000 930 1077 987 onim
1094 930 1227 1003 accipies,
1245 931 1321 1003 qued
1338 930 1496 997 desideras,
1514 929 1679 1002 premium.

1318 1043 1503 1083 attentemus.

1037 1116 1177 1172 illudisne
1192 1118 1260 1171 me?

1302 1221 1525 1261 eossraurmus.

1036 1292 1065 1349 Si
1081 1293 1192 1349 illudo?

1320 1399 1506 1439 caneremus.

1035 1472 1080 1527 Me
1096 1471 1219 1538 felicem,
1235 1472 1258 1526 si
1276 1488 1369 1526 orrum
1385 1471 1502 1527 scirem.

1303 1584 1526 1624 consranrmus.

1035 1658 1108 1725 Ouid
1123 1659 1238 1714 unum?

1317 1763 1503 1803 caneremus.

1034 1838 1104 1909 Ejus
1120 1853 1303 1909 responsum.

1306 1941 1531 1982 consraurmus.

1034 2015 1134 2073 Filia?

1317 2121 1502 2161 assemanus.

1034 2193 1138 2265 Ipsius.

1301 2299 1523 2340 consranrmus

1033 2373 1146 2445 injusta
1161 2374 1233 2429 satis
1249 2373 1322 2428 ratio
1336 2374 1365 2428 in
1382 2373 1436 2428 hae
1457 2390 1486 2429 re
1509 2376 1680 2431 verecunde
1704 2375 1829 2449 virginis

998 2478 1171 2534 responsum
1199 2478 1338 2533 querere.
1360 2461 1574 2534 Consequentia
1599 2466 1699 2519 autem
1726 2482 1826 2521 rerum

997 2551 1173 2607 monstrabit
1187 2551 1252 2621 ejus
1267 2567 1435 2606 assensum.

1315 2663 1500 2706 asseremus.

1032 2737 1061 2794 Si
1077 2737 1154 2792 hunc
1171 2738 1287 2807 scirem,
1303 2753 1477 2809 responsum
1495 2738 1575 2795 doeei
1592 2739 1730 2796 facerem.

1298 2852 1522 2893 cassandrinus.

1032 2925 1122 2993 Licet,
1139 2926 1297 2998 experiare.

1309 3027 1500 3071 'enumeratus

957 3117 977 3182 (ζ
1032 3104 1151 3177 Exopto.

1299 3208 1522 3250 consecremus

1035 3282 1085 3337 Sui
1102 3281 1282 3354 primicerios
1297 3281 1440 3338 Joannem
1456 3285 1485 3337 et
1499 3281 1621 3339 Paulum
1637 3288 1739 3340 tecum
1751 3303 1830 3341 eom·

999 3375 1145 3426 moratum
1160 3370 1487 3443 i1·idecrevit,uaquein
1505 3371 1582 3427 diem
1597 3372 1783 3445 nuptiarum.

1318 3485 1502 3525 ostermarus.

1034 3561 1126 3625 Quem
1143 3560 1178 3615 eb
1194 3558 1335 3615 eausam?

1299 3654 1522 3703 concrepamus

1033 3741 1095 3804 Ouo
1110 3736 1228 3793 illorum
1244 3735 1267 3792 8
1283 3752 1317 3791 ex
1340 3734 1576 3791 contabulatione
1601 3735 1697 3807 ipsius
1720 3737 1822 3806 sitam,

997 3843 1103 3891 mores,
1121 3825 1373 3893 consuetudinem,
1391 3824 1488 3897 possis
1504 3839 1694 3895 praenoscere.

1315 3937 1500 3979 erueremus.
1592 3920 1596 3927 '

1031 4014 1144 4070 Bonum
1160 4011 1326 4079 consilium,
1344 4010 1476 4082 mihique
1491 4026 1580 4083 quam
1604 4012 1736 4070 maxime
1760 4013 1821 4087 pla·

995 4102 1097 4159 citum.

1297 4204 1519 4245 conseanrrsus

1032 4278 1147 4335 Scilicet
1162 4278 1205 4333 tui
1218 4276 1293 4332 filias
1309 4292 1410 4332 secum
1423 4293 1508 4333 versa
1521 4276 1582 4333 viee
1592 4277 1742 4335 desiderat
1752 4280 1824 4337 inte

996 4368 1051 4423 rim
1068 4383 1204 4422 nrausum
1217 4366 1267 4434 irc,
1282 4370 1429 4438 quatenus
1444 4365 1562 4422 illarum
1573 4384 1625 4439 per
1634 4367 1821 4426 sodalitatem

956 4488 981 4553 D
996 4456 1048 4512 tibi
1065 4457 1115 4511 fret
1130 4455 1283 4528 morigera.

1315 4560 1500 4601 etiemeanus.

1031 4636 1121 4702 Euan,
1138 4634 1233 4700 Euex;
1250 4632 1356 4687 Omnia
1370 4632 1445 4688 meis
1460 4634 1638 4706 respondent
1651 4635 1739 4691 votis.

1294 4737 1518 4778 eousranrmos

1030 4813 1087 4868 Eae
1103 4816 1136 4867 ut
1152 4812 1336 4867 adducantur
1350 4809 1447 4866 citius.
1529 4866 1534 4873 ,

1322 4926 1488 4965 erueremus.

1027 4998 1127 5067 statie,
1145 4997 1276 5054 milites?
1290 4997 1413 5066 Currite,
1428 4997 1514 5065 abite,
1532 4998 1668 5055 adducite
1692 4998 1770 5057 filias
1785 5001 1820 5056 ad

995 5087 1169 5159 obsequium
1185 5104 1243 5143 sum
1260 5085 1395 5142 domina.

1323 5184 1435 5239 sceda
1453 5183 1487 5240 V.

1343 5288 1464 5328 sirenes.

1028 5364 1142 5419 Adsunt
1157 5361 1286 5418 illustres
1299 5360 1437 5417 Gallicani
1456 5365 1603 5431 nabatea
1615 5363 1820 5433 familiaritati,

995 5454 1065 5511 bere
1078 5451 1257 5520 Constantia,
1273 5468 1324 5522 pro
1344 5451 1390 5507 sui
1415 5450 1653 5523 pulchritudinis,
1670 5453 1821 5527 sapientia

994 5547 1023 5598 et
1038 5540 1191 5614 probitatis
1207 5538 1413 5613 perspicuitate
1428 5540 1500 5596 satis
1514 5545 1600 5614 apta.
