3900 6090
127 268 183 324 fil

638 269 668 328 S.
693 268 891 332 DUNSTANI
913 264 1094 328 narramur.
1121 268 1319 329 Gaurana.

1773 265 1832 327 m

127 399 299 458 memoriam
328 400 437 470 Patris;
454 400 500 457 eui
525 401 609 474 quasi
632 402 817 469 incumbens,
841 400 951 473 aspicio
966 400 994 469 Α
1008 400 1148 471 adfuisse,
1161 402 1256 458 ‹liavinu
1273 405 1454 458 sacramenta
1471 398 1642 468 celebrasse,
1659 402 1688 456 ct
1707 398 1835 463 necdum

125 488 221 546 virum
233 492 319 564 juxta
330 492 613 559 stantem,dccor·um
631 492 821 559 lbrnra,rcste
838 506 953 561 spece-

127 597 205 648 suur,
222 579 388 652 lampadem
412 579 485 636 lucis
511 598 600 635 rnaau
625 585 790 647 tenentem;
808 581 843 634 ad
868 579 954 651 cujus

127 667 285 741 imaginem
301 670 538 741 perterrefactus,
556 670 706 737 erisnam,
720 670 851 742 iuquam,
864 686 895 724 es
911 673 954 734 tu,

127 755 281 811 bominum
296 758 510 829 pulcherrime?
526 759 616 825 lrlem,
635 759 742 831 iuquit,
760 757 807 813 illc
822 759 907 829 cujus
922 760 954 811 tu

126 843 213 918 paulo
230 847 446 905 auteauailium
459 848 719 920 precabarel’ape,
729 836 953 919 iuquanr‚quam

126 931 202 989 citus
213 952 244 990 cs
260 937 296 992 ad
307 937 490 993 miserandus
507 938 641 993 miserest
666 937 747 992 Nosti
769 935 838 1009 quid
856 935 953 991 ilenri-

127 1039 183 1077 nas
206 1024 354 1081 minatur?
370 1027 458 1094 Nihil,
475 1029 526 1094 ait,
543 1028 608 1098 ejus
631 1026 727 1081 nrinas
753 1024 953 1097 pertimescam,

128 1127 181 1166 nec
197 1115 297 1186 nragrri
311 1132 360 1173 cos
370 1116 490 1172 omniuo
501 1118 621 1188 pendas.
635 1116 678 1171 lta
693 1114 778 1170 miles
794 1114 841 1170 ille
851 1113 953 1181 orarit,

128 1206 195 1272 post
210 1203 264 1259 hoc
288 1223 390 1261 versus
412 1206 448 1261 ad
465 1223 510 1261 me
535 1206 576 1262 ait
592 1222 598 1260 ι
615 1205 681 1261 dana
697 1208 800 1259 catera
818 1209 850 1259 tn
866 1202 957 1288 uasti,

129 1295 381 1364 quemadmodum
395 1312 447 1368 ego
458 1299 486 1351 ct
502 1301 533 1351 tu
549 1294 780 1365 convenerimus,
800 1294 956 1350 coratendc·

127 1382 232 1456 ¹rimus,
250 1383 470 1440 convicerimus
489 1384 626 1456 Signum,
640 1384 773 1455 inquam,
789 1383 900 1456 grande
926 1383 956 1436 in

127 1470 178 1527 illa
192 1472 238 1528 die
253 1473 335 1529 dedit
347 1478 478 1533 sauctus,
487 1476 641 1546 propterea
654 1473 731 1545 quod
750 1470 820 1528 dum
842 1472 882 1527 illi
896 1471 957 1545 plu-

127 1578 185 1629 res,
201 1566 230 1618 et
244 1561 363 1618 elimato
378 1562 514 1618 acumine
526 1561 645 1632 suerint,
655 1579 673 1616 a
687 1561 790 1634 paucis
804 1566 833 1618 et
857 1563 956 1618 minus

127 1650 221 1706 acutis
241 1649 309 1707 victi
335 1651 471 1708 abierint.
490 1652 565 1708 Tum
581 1656 634 1724 ego
661 1649 820 1723 respiciens
846 1652 881 1708 ad
905 1667 956 1707 eos

1008 492 1225 546 communionis
1236 491 1397 563 antiphona
1408 491 1563 546 ‹lecantata
1573 489 1837 562 recusassemque

1009 586 1042 634 ut
1058 579 1141 636 illum
1153 585 1316 653 expectaret
1332 579 1382 652 qui
1397 580 1433 635 ad
1449 578 1580 651 requiem
1592 577 1672 635 illius
1683 579 1839 643 decumbe·

1009 670 1059 725 bat
1075 670 1256 741 precepisse.
1273 667 1442 741 Cogitabam
1459 668 1610 739 linquens
1629 667 1704 724 forte
1718 684 1773 742 ege
1788 665 1837 727 itte

1009 776 1115 814 essem.
1132 759 1263 829 Cumque
1274 758 1328 812 hoe
1341 756 1370 810 in
1382 756 1480 811 rurirno
1495 757 1649 825 volverem,
1660 773 1839 832 consurgen⁴

1010 850 1053 902 tes
1073 847 1127 902 viri
1148 846 1189 901 illi
1206 847 1422 919 apprehensum
1439 864 1486 901 rue
1502 851 1668 903 statuerunt
1693 847 1723 903 in
1740 847 1837 905 inedie

1009 937 1065 1005 sui,
1083 935 1231 991 alterutris
1246 936 1365 992 vocibus
1382 953 1445 991 esse
1470 935 1656 993 cohortantes
1673 953 1680 992 :
1697 935 1760 1006 laia,
1777 937 1837 995 fre·

1009 1029 1077 1092 tres,
1096 1024 1203 1080 missas
1219 1024 1421 1089 terminemus,
1439 1023 1577 1096 quoniam
1600 1023 1626 1082 is
1647 1025 1742 1093 adest,
1751 1025 1838 1098 cvrjras

1009 1113 1103 1185 gratia
1117 1112 1175 1170 ista
1186 1113 1287 1170 dilatio
1304 1115 1379 1169 t'acta
1393 1117 1446 1168 cst.
1472 1112 1628 1186 Coeperunt
1649 1113 1749 1188 itaque
1768 1112 1838 1173 dul·

1011 1202 1138 1259 cissimis
1152 1220 1186 1258 ac
1201 1201 1446 1258 modulatissimis
1461 1203 1581 1258 uocibus
1595 1200 1732 1274 psallere,
1746 1206 1777 1259 et
1792 1218 1838 1263 mc

1010 1291 1046 1347 ad
1062 1291 1292 1366 organizandum
1303 1292 1380 1364 quod
1391 1289 1558 1363 psallebant
1569 1290 1775 1360 invitare,l)icc
1786 1308 1837 1349 aa·

1010 1389 1063 1438 tenc
1079 1382 1151 1438 ecta
1166 1382 1263 1437 caricis
1277 1381 1356 1446 cea,
1371 1397 1406 1436 ne
1420 1381 1580 1436 terreamini
1602 1380 1636 1436 ad
1659 1379 1703 1437 aa
1727 1383 1778 1453 pai
1792 1397 1838 1441 ves

1007 1480 1218 1545 persequamur.
1227 1471 1270 1527 Ad
1284 1486 1358 1542 quas
1372 1485 1456 1527 voces
1472 1474 1658 1542 experrectus
1669 1470 1837 1540 confestim,

1011 1563 1048 1617 ad
1058 1561 1227 1633 serculorum
1238 1558 1330 1616 sancti
1341 1559 1606 1630 cucurri,medinm
1617 1557 1690 1615 illud
1700 1558 1840 1633 ahisque

1011 1649 1138 1707 brachiis
1153 1649 1336 1721 amplexatus
1350 1665 1427 1717 sum,
1436 1647 1599 1705 vociferans
1617 1664 1651 1707 ac
1665 1647 1760 1706 nimia
1774 1664 1838 1714 cce

126 1741 175 1812 qui
185 1744 342 1812 praesentes
353 1746 435 1799 crant
446 1741 559 1799 ostendi
570 1740 678 1813 verbis,
688 1741 765 1813 quod
777 1741 953 1813 nuncprodo
968 1779 993 1845 B
1011 1740 1057 1796 dis
1067 1739 1244 1796 exultatione
1255 1737 1432 1811 proloquens
1443 1752 1451 1792 z
1461 1736 1841 1805 Adtuistifflaterchsrisci·

126 1827 243 1887 litteris.

335 1920 433 1977 Aeeta
447 1919 479 1976 dc
493 1937 521 1977 cc
535 1928 634 1976 rrarrot
646 1922 745 1976 odaria.

161 2010 207 2064 23.
220 2011 303 2066 Nunc
315 2011 468 2082 adeoque
480 2026 576 2066 meam
588 2009 704 2081 proprie
721 2008 871 2081 attingunt
885 2026 952 2081 per·

127 2115 240 2168 sonam,
257 2103 289 2155 ut
305 2097 404 2154 minus
419 2099 542 2154 sortasse
557 2098 685 2170 sapione,
702 2096 842 2165 transib0,
857 2102 886 2153 et
910 2097 951 2154 sic

125 2188 168 2243 ori
183 2187 333 2245 silentium
348 2204 466 2260 ponam,
480 2185 617 2242 manibus
633 2202 749 2258 quoque
764 2186 857 2242 otium
876 2185 950 2242 indi·

76 2300 82 2313 =
125 2277 341 2344 camenctum
357 2281 488 2349 tempore
503 2275 622 2349 quidam
643 2274 778 2331 homines
802 2276 881 2348 gravi
905 2292 952 2332 me

124 2365 190 2422 odio
206 2366 395 2435 infestabant,
405 2383 457 2422 nec
472 2371 554 2438 prius
565 2366 601 2421 ab
621 2365 787 2422 infestando
804 2363 952 2436 quiescere

123 2455 364 2528 volebant,quam
381 2455 475 2528 magis
491 2454 610 2527 injuriis
620 2453 757 2511 allectum
769 2454 952 2526 gravioribus

122 2545 310 2601 minarentur
323 2544 521 2601 afficiendum.
539 2544 647 2600 Eorum
670 2559 736 2598 vcro
761 2543 812 2615 qui
832 2543 951 2616 agendas

124 2652 219 2691 cauere
235 2639 340 2691 nostra
352 2633 469 2705 judices
482 2633 542 2688 dati
558 2634 677 2688 fuerunt
692 2633 733 2688 itu
753 2633 871 2689 animus
891 2631 951 2692 sive

124 2723 296 2797 gratiamne
311 2723 531 2796 importunitate
547 2719 779 2778 adversariorum
796 2740 874 2781 arno
884 2724 953 2783 alie·

126 2817 213 2869 natus
238 2816 292 2882 est,
309 2817 342 2868 nt
365 2828 461 2885 neque
484 2811 615 2868 oratione
639 2811 759 2879 indocti,
776 2830 870 2886 neque
891 2815 951 2874 nlla

125 2906 246 2973 possent
257 2903 367 2959 ratione
383 2902 502 2964 moveri.
519 2901 681 2973 Despcruns
691 2918 759 2974 ergo
780 2903 814 2959 dc
825 2905 950 2961 subren-

126 2989 204 3046 tione
218 2991 382 3056 homiuum,
399 2989 492 3045 solius
503 2989 553 3045 Dei
569 3006 602 3045 ac
618 2989 693 3044 beati
713 2990 798 3047 istius
809 2994 950 3051 auxilium

126 3080 194 3135 duxi
211 3079 403 3151 quarendum
419 3094 493 3135 esse.
502 3077 603 3150 ltaque
614 3082 755 3135 nocturno
767 3085 897 3154 ternpore
907 3101 951 3141 sn-

126 3151 987 3241 puratisomnious,cjusmemoriuninmagnaccnaccu-C
1007 3173 1184 3241 charissimi,
1200 3171 1245 3228 rel
1259 3171 1296 3228 ad
1321 3168 1515 3226 insinuandos
1540 3165 1715 3239 temporales
1736 3165 1835 3227 sancti

126 3256 169 3312 tia
182 3255 251 3328 adii,
259 3255 523 3323 etmultitudinem
534 3255 756 3312 miserationum
768 3257 847 3314 illius
857 3277 952 3333 gemo-

124 3344 374 3412 hundisvccibus,
392 3361 424 3399 ac
445 3343 685 3416 lacrymabilibus
709 3345 801 3402 oculis
825 3349 949 3420 pulsavi.

124 3434 249 3491 Dcmum
261 3438 358 3490 mente
369 3434 477 3502 fessus,
486 3432 950 3503 luctuanxiusreccssi,secretum

125 3522 453 3596 petii,doloremcordis
474 3521 573 3594 requie
599 3523 779 3596 corporis,ut
802 3527 949 3586 interdum

124 3612 167 3682 sit,
185 3613 275 3670 lenire
289 3612 469 3670 desiderans.
487 3613 616 3668 Necdum
633 3613 704 3669 satis
716 3614 752 3668 ad
763 3619 948 3686 pausandum

124 3720 345 3777 composueram
362 3720 467 3775 cerpus
483 3702 554 3759 dnm
571 3703 669 3758 animo
680 3708 947 3778 cunctaexccdcns,

122 3793 235 3850 viderer
250 3794 322 3850 mihi
338 3793 367 3849 in
384 3793 458 3850 atrio
482 3790 583 3864 templi
599 3792 720 3848 domurn
744 3793 850 3865 videre,
863 3800 948 3871 carius

122 3883 294 3958 magnitudo
311 3881 464 3951 mirabilis,
479 3880 665 3954 pulchritudo
677 3881 947 3955 inestimabilis,ad

122 3991 211 4045 quarn
229 3990 313 4030 nemo
330 3973 386 4028 nisi
402 3991 453 4045 per
469 3971 628 4044 quamdam
645 3989 790 4044 aquarum
806 3974 946 4034 colluvio·

123 4079 190 4117 nem
206 4066 320 4132 poterat
333 4061 469 4116 transire.
479 4059 587 4115 Verum
601 4060 658 4116 ista
669 4063 892 4122 transeuntibus
902 4065 948 4124 lex

122 4153 195 4216 erat,
213 4152 245 4203 ut
259 4152 369 4220 quanto
385 4147 480 4218 magis
494 4148 533 4202 ad
549 4145 703 4204 introitum
719 4149 824 4208 domus
839 4171 946 4226 appro-

121 4235 309 4308 pinquarent,
328 4237 409 4288 tauto
429 4233 528 4288 rninus
543 4234 660 4290 casdem
686 4237 829 4294 sentirent
843 4258 945 4313 aquas.

121 4323 295 4380 Transibam
306 4338 359 4395 ege
370 4337 438 4377 cum
449 4322 681 4388 transeuntibus,
689 4340 720 4378 ac
733 4331 946 4389 rarescentibus

120 4411 247 4485 aquisad
259 4410 396 4466 ulteriora
402 4408 474 4466 olrci
486 4408 583 4465 littora
593 4411 796 4481 perveniebam
806 4432 812 4483 ;
823 4433 946 4492 moxque

1008 1847 1064 1898 me,
1074 1828 1210 1897 adluisti;
1227 1827 1347 1885 adfuisti
1361 1827 1391 1883 in
1402 1826 1548 1901 angustiis
1558 1825 1752 1896 laboranti,et
1766 1844 1836 1907 gens

1006 1920 1078 1977 tiam
1094 1919 1136 1974 tui
1153 1916 1304 1976 humiliter
1318 1915 1490 1989 postulanti.
1505 1915 1579 1977 Vere
1595 1915 1775 1977 sanctuellci
1787 1932 1833 1986 os,

1006 2014 1036 2066 et
1060 2009 1257 2082 quodcunque
1280 2005 1324 2063 ris
1349 2006 1385 2060 ab
1410 2004 1459 2061 illo
1484 2006 1643 2077 impetrare
1658 2008 1751 2078 potae.
1767 2004 1836 2065 tam

1006 2114 1128 2156 securus
1139 2097 1256 2171 judices
1272 2095 1369 2162 adibo,
1386 2111 1439 2150 nec
1454 2093 1551 2153 minas
1567 2093 1735 2167 cujuspiam
1748 2092 1838 2153 bodie

1007 2184 1383 2246 formidabo.Venientibus
1397 2201 1466 2258 ergo
1477 2183 1775 2258 judicibus,qucram
1790 2184 1837 2241 in»

1006 2279 1107 2337 terfuit
1131 2293 1250 2334 causam
1279 2275 1448 2343 terminare,
1459 2277 1648 2333 accesserunt
1669 2271 1691 2329 ii
1716 2273 1767 2346 qni
1789 2288 1838 2331 me

1006 2370 1124 2427 turbare
1141 2362 1364 2437 meliti,acccssi
1379 2368 1408 2420 et
1423 2378 1474 2436 ege
1489 2362 1669 2421 calumniam
1685 2362 1723 2421 de
1735 2361 1837 2419 adrer-

1007 2459 1092 2517 sariis
1109 2453 1380 2527 urovi.ltaque,Dco
1397 2453 1553 2524 acheronte
1568 2455 1598 2509 et
1610 2452 1766 2509 Dnnstanc
1782 2466 1837 2524 pa-

1006 2548 1294 2612 trocinantc,cmnes
1324 2541 1395 2598 mihi
1423 2542 1610 2598 adversantes
1636 2540 1740 2610 devici,
1756 2541 1836 2597 rdet

1005 2638 1062 2710 ipsi
1078 2636 1195 2708 propria
1211 2631 1392 2690 sua-ratione
1408 2631 1592 2698 nuceranae
1602 2645 1655 2703 ego
1666 2628 1836 2692 nouaclum

1006 2728 1112 2783 factam
1129 2725 1201 2781 mihi
1213 2721 1353 2794 injuriam
1369 2737 1427 2776 non
1443 2721 1723 2792 ellugnrem,rcrum
1742 2719 1836 2779 otiam

1005 2816 1035 2873 in
1053 2833 1118 2872 mea
1133 2811 1302 2872 detonsione
1322 2809 1410 2866 simul
1430 2813 1458 2865 ct
1477 2808 1654 2867 exultatione
1668 2806 1835 2882 plurimun

1005 2906 1190 2963 exsultarem.
1504 2905 1507 2915 '

1214 2993 1311 3050 Aacwr
1325 2992 1412 3047 malta
1425 2990 1620 3062 pretermittit.

1040 3088 1085 3141 24.
1100 3085 1180 3141 Satis
1201 3100 1266 3140 csse
1295 3081 1352 3138 ista
1375 3079 1522 3146 existimo,
1537 3077 1649 3135 domini
1673 3081 1704 3137 ct
1731 3076 1835 3139 raam

1005 3264 1058 3319 viri
1071 3263 1194 3329 labores,
1202 3261 1246 3318 vel
1258 3262 1294 3317 ad
1304 3260 1370 3330 ejus
1380 3257 1590 3330 sempiternam
1600 3255 1835 3331 gloriamcathe

1004 3352 1065 3409 lieae
1081 3350 1215 3407 Ecclesia
1240 3349 1377 3405 fidelibus
1401 3346 1680 3414 commendandam
1697 3361 1756 3402 nou
1773 3361 1834 3419 quo

1005 3441 1089 3516 plura
1104 3457 1162 3496 non
1177 3439 1246 3508 sint,
1256 3445 1286 3494 ct
1299 3440 1423 3495 fortasse
1437 3436 1484 3492 his
1499 3436 1694 3509 majoreque
1709 3434 1747 3492 ad
1770 3433 1834 3493 bato

1004 3530 1117 3588 narrari
1133 3528 1267 3586 valeant:
1282 3529 1331 3585 sed
1345 3527 1422 3599 quod
1439 3542 1473 3581 ea
1487 3522 1675 3581 solummedo
1687 3521 1834 3587 voluerim

1004 3637 1132 3686 narrare,
1142 3637 1205 3692 quae
1222 3619 1310 3674 fidem
1325 3616 1415 3691 (sicin
1426 3615 1565 3687 prooemio
1579 3611 1650 3683 dixi)
1664 3628 1724 3668 non
1747 3611 1833 3671 uide·

1003 3714 1105 3766 rentur
1119 3708 1265 3764 excedere.
1283 3692 1353 3772 Quis
1369 3718 1495 3777 namque
1508 3702 1608 3760 statim
1619 3698 1695 3757 mihi
1704 3698 1833 3759 credun

1003 3803 1094 3856 tatoni
1110 3795 1353 3861 accomodaret,si
1369 3792 1496 3849 dicerem
1509 3796 1560 3848 aut
1573 3794 1686 3847 vestem
1698 3787 1789 3849 illum
1799 3790 1831 3849 iu

1002 3888 1140 3945 columna
1158 3885 1232 3942 lucis
1255 3883 1454 3957 suspendisse,
1472 3885 1523 3939 aut
1536 3886 1696 3937 extremam
1711 3879 1833 3953 cognati

1001 3977 1132 4051 parentis
1140 3979 1299 4049 egestatem
1307 3975 1344 4029 ad
1353 3989 1486 4028 summas
1495 3970 1612 4027 divitias
1622 3966 1833 4027 unmmtdim·

1002 4067 1049 4123 dio
1061 4064 1251 4138 perduxisse?
1261 4065 1352 4134 Cujus
1363 4061 1496 4117 animum
1506 4058 1609 4114 horror
1623 4074 1681 4114 non
1693 4054 1831 4130 percollo-

1002 4155 1087 4222 cct,si
1104 4153 1219 4209 audiret
1234 4151 1413 4209 monachum
1426 4146 1639 4220 lerosolymam
1654 4146 1713 4219 (69)
1722 4160 1830 4221 propa«.

1002 4243 1170 4311 rantcrn,ab
1185 4241 1312 4298 exercitu
1332 4237 1518 4312 imperatoris
1542 4234 1832 4310 Constantinopolin)

1002 4334 1246 4398 circumventum,
1258 4331 1293 4385 ad
1306 4329 1398 4386 solam
1413 4328 1507 4386 sancti
1523 4325 1603 4383 illius
1613 4323 1831 4395 insecutionem

1002 4424 1146 4479 abrorum
1156 4413 1831 4490 molestissimairruptianclibcmtuthuem,

119 4497 946 4580 demumingrcdiens,videbumtotamillamrnajoriqnam
961 4525 985 4593 p
1002 4513 1133 4585 inquam,
1145 4515 1247 4582 stupor
1263 4526 1320 4565 nen
1336 4506 1565 4580 apprehenderet
1579 4500 1830 4575 considerantem,

118 4589 205 4647 solari
217 4588 349 4647 claritate
364 4587 534 4663 fulgentem,
547 4592 653 4643 emtum
669 4590 754 4661 quasi
775 4601 946 4655 sanctorum

116 4677 256 4735 ineflabili
267 4678 395 4751 quadam
405 4675 548 4733 suavitate
557 4674 719 4731 laetantium
732 4677 944 4742 circumseden-

116 4773 191 4827 tem:
208 4772 238 4824 et
252 4766 411 4841 quamdam
428 4764 541 4821 decoris
557 4763 762 4835 subtilitatem,
779 4785 842 4840 qun
857 4776 944 4833 modo

116 4855 246 4932 crystalli
261 4853 404 4929 pervideri
412 4859 513 4927 posset
523 4852 616 4910 oculis
632 4853 809 4912 intuentium
820 4866 943 4930 panten-

116 4941 944 5020 dcntern.Cousiderabamdillgcntius,volcusdeprehen-

115 5036 194 5102 dere,
202 5035 279 5090 unde
287 5035 376 5090 ctiam
387 5033 538 5088 immensae
549 5032 624 5088 lucis
637 5032 755 5088 claritas
766 5047 942 5112 coruscaret,

115 5129 145 5179 et
157 5122 389 5179 videbaturmihi
402 5122 479 5192 quod
491 5139 548 5175 narn
561 5121 678 5176 aliunde
689 5139 778 5192 qnam
794 5124 941 5201 decerpo.

116 5213 198 5267 ribus
213 5218 380 5267 sanctorum
393 5211 469 5265 idem
486 5210 624 5282 splendor
638 5211 738 5265 exiret.
749 5212 941 5291 interroganti

114 5305 211 5356 uatem
227 5301 298 5356 mihi
316 5299 450 5373 quatiar
467 5300 716 5366 esserrt‚cdoctunr
733 5307 777 5356 cst
788 5303 866 5361 hunc
877 5326 940 5365 csse

115 5389 224 5444 elerum
252 5389 351 5462 magni
377 5388 530 5455 Durrstani,
558 5387 641 5442 illum
663 5406 729 5443 vero
761 5392 847 5462 paulo
872 5404 939 5453 ante

998 4601 1042 4657 vel
1066 4600 1162 4657 furem
1189 4616 1206 4655 a
1230 4601 1331 4654 sancto
1361 4595 1597 4668 perterrefactum
1619 4606 1666 4648 res
1688 4590 1831 4665 arnume

999 4690 1080 4746 illius
1094 4693 1259 4762 exportatas
1275 4686 1305 4742 in
1315 4686 1389 4742 atrio
1403 4683 1504 4757 templi
1514 4681 1643 4739 illibatas
1652 4679 1831 4754 reliquisnfl

998 4779 1042 4836 vel
1054 4779 1145 4834 civem
1156 4775 1318 4834 Centaurica
1330 4780 1433 4831 contra
1442 4771 1606 4846 oppositam
1617 4768 1712 4827 saneti
1723 4772 1829 4837 ancw-

998 4868 1114 4924 ritatem
1129 4866 1327 4924 substantiam
1338 4864 1467 4922 ecclesia
1477 4859 1585 4919 Christi
1595 4856 1829 4929 subripientem,

998 4960 1063 5029 post
1078 4972 1187 5029 paucos
1202 4955 1264 5011 dies
1279 4970 1396 5026 paenam
1411 4970 1472 5009 sue
1487 4946 1662 5009 temeritatis
1677 4943 1826 5003 solvisset

996 5044 1109 5101 Videtis
1124 5045 1232 5116 quibus
1247 5042 1389 5110 abstineo,
1397 5045 1551 5114 propterea
1560 5036 1638 5110 quod
1653 5033 1826 5095 estimatio.-

997 5151 1064 5190 nern
1090 5131 1273 5189 audientium
1294 5131 1466 5204 supergredi
1489 5128 1571 5196 nolc·,
1587 5143 1651 5198 que
1675 5127 1777 5181 tamen
1798 5120 1829 5183 si

996 5239 1266 5289 commemorarem,
1289 5219 1469 5276 incredibilis
1498 5234 1562 5274 esso
1591 5231 1649 5270 non
1674 5212 1825 5281 debmm,

995 5316 1149 5383 propterea
1165 5312 1241 5383 qumi
1259 5309 1332 5366 nihil
1348 5314 1393 5365 est
1408 5305 1599 5373 difficultatis,
1617 5300 1668 5359 ubi
1678 5299 1830 5361 Dominus

997 5399 1132 5455 Christus
1148 5403 1307 5455 auctorest
1323 5399 1428 5472 operis.
1441 5395 1550 5453 Deinde
1563 5408 1643 5448 more
1667 5393 1823 5447 cantorum

149 5486 206 5553 (cto)
221 5487 279 5542 llcc
295 5485 470 5542 nriraculurn
488 5486 575 5540 refert
590 5486 740 5553 tlshcrtus,
755 5489 838 5546 iufra.
854 5494 940 5551 aliud
957 5497 993 5553 ab
1014 5497 1080 5554 aliis
1096 5499 1325 5570 praetermissum
1352 5499 1494 5552 memorat
1518 5489 1685 5547 Willclmus
1701 5487 1737 5544 de
1758 5487 1822 5545 furo

114 5574 266 5627 erispa-nm,
285 5576 370 5629 quem
387 5558 557 5614 Dunstanus
572 5555 747 5633 incolumem
763 5565 895 5622 serravit.
