3900 6090
118 220 174 282 tol
887 214 992 279 virs.
1764 230 1822 307 χω

117 354 197 420 onos
212 370 229 409 e
243 351 367 409 concilio
383 351 494 425 pariter
507 349 662 424 eollegerat
674 349 736 407 illo.
957 352 1140 423 Aroseoque
1163 353 1268 409 rubore
1292 361 1459 423 venustum,
1485 355 1528 412 ita
1552 363 1584 413 ut
1605 359 1732 431 quodam
1757 377 1822 416 mo-

152 443 236 509 Quod
253 443 347 498 isserat
362 442 424 497 vico
440 439 516 513 regis
532 440 562 495 in
578 440 747 508 indeparati,
999 438 1036 494 do
1051 442 1201 511 septennis
1215 444 1296 514 pueri
1306 444 1421 500 vultum
1437 447 1779 518 praetenderevideretur,
1791 449 1822 503 iu

116 530 199 588 ldem
213 536 316 604 pastor
329 548 418 587 ovans
433 547 466 586 ao
482 546 559 601 sepe
574 530 724 585 canendus
739 526 902 596 edelwold,
999 542 1056 598 quo
1068 530 1130 600 jam
1143 531 1274 602 quodam
1287 534 1510 591 resurrectionis
1520 535 1613 608 gloria
1623 554 1674 609 per
1683 539 1824 594 ostensio·

157 624 243 678 Sicut
257 623 284 677 ei
299 620 414 677 Domini
432 618 527 693 gratia
545 618 719 675 contulerat.
1000 633 1066 672 nem
1083 624 1201 675 mutatae
1217 621 1314 677 earnis
1325 623 1471 695 apparuit.
1484 624 1549 680 lam
1562 642 1628 681 vero
1639 626 1695 682 dici
1708 643 1765 683 non
1776 645 1825 698 po·

116 718 153 775 Et
170 715 319 772 celebrant
335 708 432 765 cuncti
449 706 593 764 solemnia
608 707 736 764 maxima
748 705 861 780 templi,
1000 709 1068 771 test,
1086 713 1196 778 quanta
1207 711 1242 764 ad
1258 711 1412 783 exsequias
1424 713 1489 783 ejas
1500 713 1654 770 hominum
1666 715 1823 773 multitudo

154 804 335 862 Plaudentcs
349 797 474 854 Domino
488 801 605 872 pectore
618 796 771 854 laudifluo.
1001 797 1177 852 convenerit.
1191 797 1326 870 Undique
1340 801 1473 857 certatim
1499 819 1533 858 aa
1548 803 1651 860 vicinis
1665 803 1781 876 oppidis
1796 809 1825 859 et

119 897 330 962 Latanturque
343 888 428 943 bonis
444 903 533 960 super
547 885 685 943 omnibus
700 885 749 943 ille
763 883 917 959 benignus,
1001 884 1129 941 castellis
1140 885 1229 941 simul
1241 887 1271 942 in
1282 891 1522 947 unumdiviteset
1530 893 1824 964 pauperes,ultimum

158 986 226 1051 Qus
244 980 348 1036 statuit
364 976 479 1032 eunctis
493 974 600 1048 praesul
616 975 715 1048 opima
729 975 802 1044 dari,
1001 973 1063 1029 vale
1079 974 1187 1045 pastori
1205 992 1258 1030 siro
1274 976 1380 1032 dicturi
1401 979 1611 1036 confluxerant,
1628 980 1736 1037 Omnes
1757 999 1824 1037 eum

120 1071 246 1131 Fercnla
262 1072 331 1126 sunt¹
345 1065 472 1123 admista
486 1064 592 1138 epulis,
604 1065 688 1122 cibus
698 1064 795 1122 omnis
804 1063 945 1132 abundat,
1003 1062 1100 1118 dolum
1115 1067 1144 1118 et
1159 1080 1258 1120 amaro
1284 1064 1382 1123 {animo
1396 1069 1597 1140 sequebantur
1614 1070 1764 1135 feretrum,
1780 1071 1825 1126 in·

158 1160 265 1217 Nullas
281 1158 361 1213 adest
380 1153 481 1217 tristis,
498 1153 595 1211 omnis
608 1154 692 1211 adest
709 1153 821 1212 hilaris.
1002 1153 1192 1224 comparabili
1204 1154 1343 1211 thesauro
1353 1157 1727 1228 pretiosunr,saoraaanctis
1738 1160 1826 1215 ilvan·
1895 1160 1897 1170 '

120 1249 212 1310 Nulla
227 1249 329 1314 fames,
347 1245 395 1301 ubi
412 1247 482 1300 aunt
497 1243 611 1301 cunctis
626 1244 748 1300 obsonia
762 1243 866 1317 planis,
1003 1241 1087 1316 galiis
1103 1247 1132 1297 et
1148 1242 1285 1299 crucibus
1310 1248 1467 1313 armatam,
1484 1246 1640 1319 palliorum
1654 1247 1827 1304 valanientis

159 1341 196 1399 st
213 1341 343 1395 remanet
357 1335 436 1389 vario
451 1349 555 1390 mensa
569 1333 675 1390 referta
690 1332 765 1390 cibo.

122 1429 330 1499 Pincernaque
345 1423 410 1497 vagi
426 1422 542 1480 cellaria
556 1439 632 1499 saepe
644 1423 840 1495 frequentant,

160 1517 361 1591 Convivasque
377 1517 480 1586 rogant
493 1516 526 1569 ut
540 1512 639 1570 bibere
653 1511 806 1585 incipiant.

124 1608 260 1664 Crateras
274 1607 419 1670 statuunt,
434 1606 463 1657 et-
477 1601 575 1658 dulcia
588 1601 657 1658 vina
672 1605 822 1670 coronant,

161 1697 318 1752 bliscentes
332 1697 420 1767 potus
436 1692 555 1764 potibus
568 1691 742 1748 innumeris.

124 1787 234 1858 Sisque
249 1783 312 1839 dies
328 1780 459 1854 alterque
473 1780 536 1838 dies
551 1780 692 1855 processit
708 1781 739 1837 in
754 1777 883 1853 hymnis,

159 1875 197 1930 Et
210 1872 421 1930 benedixerunt
436 1869 536 1926 omnia
547 1872 634 1926 corda
648 1871 752 1926 Deam.

125 1963 269 2022 Omnibus
285 1960 406 2034 expletis
423 1960 540 2015 tandem
557 1959 726 2015 solemniter
741 1959 870 2032 hymnis,

160 2056 239 2121 Quos
256 2052 286 2108 in
300 2051 411 2107 honore
426 2049 475 2105 Dei
491 2065 544 2104 vox
560 2049 659 2105 sonuit
677 2048 788 2122 populi.

127 2142 335 2214 Unusquisque
349 2156 419 2196 suas
434 2138 529 2194 alacer
542 2138 680 2194 remoavit
695 2139 731 2194 ad
747 2150 823 2207 orae,

163 2234 196 2288 ln
212 2231 336 2287 Domino
351 2230 482 2302 gaudens
497 2234 612 2300 pectore
626 2234 655 2284 et
671 2245 719 2284 ore
734 2243 852 2283 canens.

131 2324 287 2394 Nunquam
303 2323 386 2375 tanta
402 2317 457 2373 fuit
472 2316 597 2389 talisque
611 2316 717 2373 dicatio
732 2316 846 2389 templi,

67 2452 72 2459 -
164 2413 195 2466 ln
211 2416 273 2466 tota
286 2407 446 2482 Anglorum
462 2410 547 2481 gente
562 2409 687 2479 patrata,
706 2423 780 2476 reor,

1004 1336 1150 1397 ornatum,
1162 1334 1293 1390 accensis
1307 1333 1504 1391 luminaribus
1518 1341 1548 1392 et
1566 1335 1684 1409 hymnis
1703 1336 1826 1394 ooslesti·

1004 1421 1060 1477 bua
1070 1426 1158 1494 atque
1176 1422 1356 1494 psalmorum
1372 1425 1563 1481 concentibus
1577 1425 1646 1482 hino
1660 1426 1826 1483 indevalla·

1003 1511 1194 1577 tumouibus
1205 1513 1338 1583 sequenti
1349 1513 1395 1568 die
1403 1513 1585 1569 Wintoniam
1596 1514 1827 1586 ingredientibus

1004 1600 1119 1656 obviam
1131 1601 1243 1673 corpori
1259 1606 1321 1657 tota
1331 1602 1418 1657 simul
1430 1603 1533 1659 civitas
1543 1603 1829 1662 unanimiteroocur·

1005 1688 1052 1746 rit.
1060 1689 1133 1746 ilinc
1140 1690 1285 1760 ejulantes
1295 1690 1398 1746 turbas
1407 1691 1590 1763 conspiceres
1601 1693 1826 1763 monachorum

1003 1777 1072 1835 inde
1086 1777 1196 1855 pallida
1210 1780 1329 1854 agmina
1342 1779 1504 1853 virginum3
1518 1780 1587 1836 hina
1601 1783 1720 1839 audires
1734 1783 1764 1839 in
1779 1799 1827 1841 ax-

1003 1867 1081 1926 celso
1096 1885 1180 1926 voces
1195 1869 1384 1943 psallentium
1399 1869 1586 1938 clericorum3
1601 1869 1671 1928 lnde
1685 1871 1828 1945 gemitum

1004 1957 1139 2016 flentium
1155 1976 1328 2032 pauperum,
1341 1965 1370 2016 et
1378 1959 1525 2016 ululatum
1535 1960 1754 2018 vociferantium
1767 1977 1830 2034 ogs-

1005 2065 1121 2115 norum‚
1138 2049 1189 2122 qui
1205 2050 1331 2122 pastoris
1353 2050 1398 2107 sui
1415 2050 1570 2122 prasentia
1592 2067 1624 2107 se
1647 2051 1754 2123 privari
1769 2068 1827 2108 non

1006 2139 1196 2205 sustinentes,
1208 2139 1319 2195 dabant
1333 2139 1464 2196 infinitos
1480 2139 1675 2212 lacrymarum
1686 2140 1829 2199 damulae

1006 2227 1041 2284 ad
1059 2227 1174 2287 caulam.
1188 2228 1348 2284 Perductus
1359 2234 1404 2285 est
1418 2246 1487 2301 ergo
1498 2228 1542 2284 vir
1556 2229 1606 2285 Dei
1621 2246 1689 2285 eum
1705 2229 1828 2286 ooelesti·

1006 2316 1062 2373 bus
1078 2317 1224 2390 exsequiis
1238 2316 1268 2373 iu
1284 2318 1436 2374 eeclesiam
1462 2319 1615 2375 beatorum
1631 2319 1828 2391 apostolorum

1007 2406 1082 2462 Petri
1093 2412 1122 2463 et
1132 2406 1213 2462 Pauli
1227 2409 1370 2464 adsedem
1384 2426 1467 2464 suam
1484 2407 1689 2481 episcopalem,
1701 2412 1730 2465 at
1738 2408 1830 2480 exple·

131 2501 228 2566 Qualis
244 2503 306 2554 erat
320 2497 428 2552 Wenta
442 2496 587 2553 celebrata
601 2500 736 2568 potenter
750 2496 781 2551 in
796 2494 869 2552 urbe
1006 2495 1045 2551 tis
1059 2495 1225 2568 vigiliarum
1236 2497 1453 2569 missarumque
1464 2497 1625 2564 solemniis,
1637 2498 1772 2570 sepultus
1786 2505 1831 2554 ast

166 2591 197 2644 ln
213 2588 306 2644 sanati
322 2587 400 2649 Petri
413 2585 544 2644 eoenoaio
557 2583 665 2642 Veteri.
1005 2584 1035 2639 in
1051 2591 1152 2657 crypta
1167 2586 1202 2640 ad
1227 2586 1385 2642 australem
1411 2586 1526 2659 plagam
1543 2588 1636 2642 sancti
1653 2587 1762 2654 altaris,
1781 2587 1829 2645 ubi

128 2680 207 2746 Quod
224 2679 301 2733 Deus
314 2674 552 2747 omnipotenssic
566 2679 700 2748 protegat
713 2672 948 2740 immaculatum,
1006 2689 1074 2728 euni
1100 2675 1280 2746 requiescere
1305 2676 1419 2744 debere,
1436 2676 1589 2747 sicutipse
1613 2676 1695 2732 vobis
1719 2675 1828 2742 retulit,

162 2768 220 2822 Hoc
236 2772 269 2821 ut
286 2783 318 2820 eo
335 2765 458 2837 dignum
470 2765 542 2837 juge
557 2764 596 2820 sit
610 2763 783 2837 hospitium.
1006 2761 1076 2819 olim
1092 2762 1147 2818 sibi
1164 2762 1278 2819 coalitus
1294 2767 1444 2820 ostensum
1460 2770 1515 2819 est.

129 2849 159 2913 si
176 2856 345 2928 quicunque
360 2852 487 2910 humiles
502 2853 557 2909 boo
577 2852 784 2926 ingrediuntur
799 2852 913 2927 asylum
1040 2851 1108 2908 Cir.
1124 2851 1207 2907 Xlll.
1219 2883 1253 2893 —-
1263 2854 1345 2907 Anna
1371 2852 1544 2908 duodecimo
1559 2857 1625 2925 post
1640 2854 1752 2909 obitum
1768 2854 1829 2927 gie

162 2944 315 3001 dissultant
330 2942 421 3015 plenae
437 2941 595 3014 participes
610 2943 711 2999 venire.
1004 2941 1072 2998 riosi
1086 2940 1232 3014 pontificis
1242 2940 1529 3013 adelwoldlplaouit
1539 2959 1671 3014 superne
1681 2944 1832 3015 dispensa·

1004 3032 1080 3097 sioni
1096 3030 1179 3086 illum
1196 3048 1247 3102 per
1257 3028 1480 3102 coelestiasigna
1490 3030 1620 3095 revelari,
1633 3034 1755 3104 ejusque
1766 3051 1834 3090 ossa

164 3127 227 3181 tiae
242 3125 278 3179 de
293 3122 476 3179 renovatione
492 3126 521 3178 et
535 3120 717 3177 dedicatione
731 3120 845 3179 Veteris
857 3122 946 3179 ecclc·
963 3096 985 3164 G
1007 3124 1042 3178 de
1053 3120 1178 3193 sepulcri
1191 3119 1353 3175 munimine
1365 3119 1498 3185 levari,ut
1508 3118 1629 3178 lucerna
1639 3137 1702 3194 qus
1714 3122 1750 3177 ad
1761 3125 1834 3179 tcm-

131 3217 177 3271 sise
187 3213 276 3280 edita,
284 3211 329 3268 hic
341 3214 467 3267 inserere
476 3213 674 3283 opportunum
685 3211 952 3268 duximus.l]xinde
1007 3230 1063 3284 pus
1079 3211 1133 3267 sub
1151 3209 1246 3264 modio
1261 3207 1377 3274 latebat,
1390 3225 1478 3281 super
1488 3209 1696 3266 candelabrum
1712 3228 1832 3284 ponere·

131 3321 257 3376 superna
271 3302 363 3373 pietas
375 3303 475 3355 sancto
487 3298 618 3371 pontiflci
628 3303 741 3356 tantam
752 3299 877 3356 contulit
891 3316 954 3381 gra·
1008 3307 1066 3363 tur,
1078 3304 1222 3371 quatenus
1233 3297 1342 3352 luceret
1352 3296 1489 3354 omnibus
1500 3298 1549 3370 qui
1562 3298 1591 3353 in
1602 3301 1690 3355 donia
1700 3301 1834 3357 suntllst

131 3394 211 3455 tiam,
225 3395 257 3445 ut
268 3389 409 3445 sublimes
425 3387 465 3442 illi
482 3387 666 3444 secularium
682 3393 861 3462 potestatum
877 3389 955 3462 prin·
1009 3391 1087 3446 enim
1104 3387 1205 3443 civitas
1221 3387 1354 3461 quaedam
1378 3387 1503 3455 modica,
1520 3389 1704 3444 commerciis
1719 3390 1835 3445 abunde

132 3483 218 3553 cipes.
241 3480 338 3542 duces,
355 3476 481 3551 tyranni,
499 3480 586 3549 atque
606 3478 732 3549 judiees,
748 3484 778 3535 et
793 3477 889 3535 omnia
903 3477 953 3550 qui
1010 3479 1124 3543 referta,
1137 3494 1200 3548 quae
1216 3474 1301 3531 solito
1321 3475 1531 3547 Weollinpaford
1547 3477 1719 3549 appellatur,
1730 3476 1759 3532 in
1776 3493 1835 3549 qua

132 3571 156 3625 ei
171 3570 313 3623 haetenus
325 3566 462 3621 contrmii
473 3568 501 3621 et
516 3565 545 3622 in
556 3567 664 3623 viaDei
675 3568 810 3624 resistere
819 3568 954 3623 videban-
1011 3568 1055 3623 vir
1073 3572 1209 3623 strenuus
1233 3563 1352 3636 quidam
1377 3565 1557 3629 morabatur,
1572 3567 1617 3621 oui
1644 3583 1749 3621 nomen
1773 3571 1836 3622 erat

134 3666 189 3715 tur.
207 3658 305 3714 subito
320 3654 399 3710 velut
412 3671 480 3712 oves
493 3672 528 3712 ex
542 3654 621 3728 lupis
634 3656 829 3726 efficerentur,
844 3660 873 3712 ct
887 3671 956 3712 eam
1011 3653 1178 3712 Elobolmus
1189 3653 1237 3727 qui
1249 3668 1319 3708 casu
1330 3652 1429 3708 lumen
1439 3654 1577 3709 amittens
1588 3654 1837 3720 oculorumeaeoi·

133 3748 206 3802 miro
226 3746 331 3818 affeetu
346 3748 571 3812 venerarentur3
588 3746 712 3817 ejusque
735 3744 859 3818 genibus
883 3743 958 3800 colla
1011 3746 1102 3799 tatem
1119 3740 1220 3797 multis
1236 3758 1393 3813 perpessus
1408 3746 1453 3797 est
1476 3742 1571 3798 annis.
1588 3742 1661 3797 Huic
1676 3742 1705 3797 in
1723 3743 1836 3798 somnis

133 3835 351 3895 submittentes.
364 3833 399 3887 ad
415 3833 564 3889 dexteram
580 3834 661 3890 illius
674 3833 827 3891 humiliter
840 3849 958 3890 exoscu-
1012 3839 1142 3906 tempore
1154 3829 1293 3903 gallicinii
1304 3834 1424 3885 sanatus
1435 3829 1625 3886 Adelwoldus
1636 3830 1757 3888 antistes
1770 3831 1838 3887 asti·

132 3926 239 3988 lantes,
251 3923 433 3978 orationibus
443 3939 474 3979 se
489 3922 542 3978 tiri
558 3922 608 3979 Dei
617 3921 648 3979 in
659 3924 797 3980 omnibus
812 3939 957 3981 commen·
1013 3925 1057 3990 tit,
1070 3938 1196 3992 eumque
1213 3925 1245 3974 ut
1260 3919 1405 3974 maturius
1415 3917 1595 3973 Wintoniam
1607 3924 1748 3993 pergeret,
1761 3925 1790 3976 et
1800 3917 1837 3976 ad

133 4017 247 4071 darent.
1014 4013 1078 4084 ojus
1094 4011 1227 4065 tumbam
1243 4006 1336 4081 gratia
1354 4007 1511 4079 recipiendi
1527 4007 1607 4063 visus
1623 4009 1771 4064 accederet
1786 4008 1837 4065 ad-

169 4105 239 4159 Car.
256 4103 325 4158 XLl.
336 4134 369 4142 -
384 4103 491 4158 Eodem
511 4118 578 4158 vero
602 4105 733 4176 tempore
757 4119 815 4176 quo
839 4107 959 4160 sanctus
1015 4098 1139 4167 monuit,
1158 4097 1258 4153 dicens
1275 4114 1281 4151 :
1296 4118 1310 4146 «
1324 4096 1433 4151 ldoireo
1448 4100 1476 4152 te
1492 4097 1521 4151 in
1537 4101 1615 4153 stata
1630 4103 1682 4153 tuo
1696 4098 1837 4155 recuban-

135 4194 259 4249 sntistes
274 4191 461 4247 adelwoldus
475 4191 512 4246 de
525 4191 581 4247 hac
595 4192 781 4250 mortalivita
793 4196 856 4250 erat
870 4191 961 4250 exitu·
1014 4194 1074 4246 tem
1089 4187 1184 4255 visito,
1201 4191 1230 4241 et
1246 4203 1309 4258 quoe
1326 4184 1379 4240 tibi
1393 4190 1516 4241 ventura
1530 4191 1600 4241 snat
1615 4187 1789 4259 praenuntio,
1807 4191 1840 4243 ut

136 4297 198 4341 rus.
210 4288 240 4337 et
250 4281 385 4336 laborum
396 4296 517 4336 suorum
528 4281 649 4354 praemia
659 4299 676 4337 a
685 4281 744 4338 Dec
756 4287 958 4359 percepturus,
1016 4295 1067 4352 per
1081 4280 1137 4331 ture
1147 4274 1252 4330 salutis
1263 4274 1381 4346 signum
1394 4274 1609 4342 manifestetur,
1621 4276 1691 4348 quia
1702 4292 1749 4331 me
1759 4292 1840 4347 opor·

135 4371 215 4428 venit
233 4371 269 4425 ad
284 4369 383 4424 villam
399 4386 462 4442 qua
477 4374 616 4426 consueto
631 4371 751 4426 nominc
771 4370 961 4443 beaddingtun
1018 4371 1060 4423 tet
1076 4365 1161 4420 levari
1189 4363 1224 4418 de
1247 4361 1362 4418 tumulo
1382 4363 1411 4417 in
1427 4380 1485 4436 qno
1496 4365 1590 4436 jaceo.
1603 4388 1616 4413 »
1634 4365 1688 4431 Qui
1703 4364 1764 4419 haec
1788 4379 1839 4418 aa·

135 4458 313 4534 appellatur.
325 4458 476 4530 sexaginta
486 4457 618 4515 millibus
633 4460 668 4515 ab
679 4460 752 4516 urbe
761 4448 912 4516 wintonia
922 4459 964 4515 di·
977 4466 1002 4534 ῃ
1018 4456 1111 4522 diens,
1123 4458 1152 4509 et
1167 4469 1266 4508 vocem
1278 4468 1377 4507 secum
1393 4451 1540 4524 loquentis
1555 4470 1727 4527 agnoscens,
1740 4457 1840 4507 sancto

136 4558 233 4605 stans.
251 4548 293 4602 lbi
321 4563 388 4620 ergo
417 4564 484 4602 oum
514 4547 684 4620 aliquandiu
713 4552 886 4617 moraretur,
903 4546 962 4606 aori
1019 4543 1096 4602 Patri
1111 4542 1221 4616 gratias
1231 4541 1300 4615 egil,
1313 4542 1390 4613 quod
1406 4559 1474 4597 eum
1484 4542 1795 4614 visitaredignarstur;
1811 4543 1841 4597 ot

137 4637 227 4711 roepit
238 4634 408 4691 infirmitate
418 4634 546 4709 gravari;
557 4640 586 4692 et
595 4637 702 4694 sacrati
714 4636 769 4694 olei
779 4636 893 4710 liquore
902 4654 964 4715 per-
1019 4634 1089 4707 quia
1104 4633 1153 4687 ubi
1170 4630 1400 4702 sepultuaesset,
1413 4630 1530 4701 ponitus
1551 4629 1704 4704 ignoravit,
1717 4627 1841 4701 qualiter

139 4732 258 4793 unctus,
269 4724 413 4780 Dominiei
424 4725 553 4799 corporis
569 4729 598 4781 et
612 4727 767 4799 sanguinis
780 4726 965 4802 perceptione
1019 4721 1187 4795 sepulcrum
1198 4720 1262 4791 ejus
1273 4719 1346 4774 scire
1357 4722 1385 4773 et
1395 4719 1475 4774 adire
1487 4717 1792 4791 potuissetdiligenter
1800 4715 1842 4769 in-

138 4817 251 4873 exitum
266 4829 354 4869 suurn
369 4813 503 4870 munivit.
520 4813 625 4887 Sicque
645 4814 829 4886 valefaciens,
846 4821 875 4873 ct
890 4817 964 4873 dana
1020 4809 1139 4884 quisivit
1150 4825 1156 4863 r
1169 4808 1216 4864 cui
1232 4807 1366 4880 protinus
1380 4805 1423 4861 vir
1438 4807 1488 4862 uei
1505 4822 1610 4860 nomen
1621 4804 1733 4860 alumni
1743 4808 1771 4859 et
1783 4820 1843 4859 mo-

139 4921 242 4978 paeem
268 4901 336 4958 tiliis
360 4901 432 4969 suis,
450 4902 527 4958 inter
547 4903 638 4959 verba
660 4903 802 4961 orationis
826 4906 964 4978 spiritum
1020 4899 1106 4956 nacbi
1131 4898 1175 4953 sui
1200 4895 1338 4961 innotuit,
1355 4895 1441 4965 cujus
1458 4893 1599 4949 haetenus
1614 4893 1702 4947 homo
1723 4890 1773 4946 illo
1789 4908 1842 4947 ne·

140 4992 212 5050 eoelo
227 4988 355 5047 reddidit
370 4991 399 5045 in
415 4990 552 5048 Kalendis
564 4991 699 5065 Augusti,
716 5009 792 5049 anno
807 4993 965 5050 Dominicis

140 5079 352 5138 incarnationis
363 5080 583 5152 nongentesimo
594 5081 772 5155 octogesimo
783 5089 899 5155 quarto,
909 5082 967 5156 epi·

141 5174 281 5242 scopatae
295 5173 392 5224 autem
418 5168 464 5225 sui
477 5169 616 5228 vicesimo
640 5172 780 5240 secundo,
797 5172 880 5245 regni
904 5187 966 5228 mo·

140 5258 295 5315 deramina
323 5258 505 5331 gubernante
527 5259 679 5318 AEdelredo
704 5276 771 5335 rege
795 5260 965 5334 anglorum.

141 5347 254 5405 Testati
283 5362 349 5403 vera
376 5348 461 5404 nobis
489 5354 560 5406 sunt
584 5349 634 5422 qui
664 5349 705 5407 ibl
730 5353 890 5423 presentes
917 5350 968 5405 ad·

66 5470 73 5479 ·
140 5439 237 5503 erant,
253 5435 385 5493 exanime
400 5453 506 5510 corpus
528 5438 623 5498 sancti
640 5439 694 5496 viri
714 5440 815 5499 subita
828 5439 968 5495 immuta·

141 5529 221 5583 tione
237 5522 329 5581 fuisse
348 5529 527 5599 renovatum,
543 5526 636 5589 lacteo
656 5529 785 5600 candore
804 5528 968 5603 perfusum,

1021 4989 1101 5045 scius
1124 4985 1231 5051 existit,
1248 4983 1332 5055 eique
1356 4983 1428 5038 dixit
1445 4998 1451 5034 :
1466 5002 1476 5031 ι
1489 4981 1563 5035 Cum
1587 4980 1711 5038 festinus
1726 4980 1842 5035 Winte-

1021 5077 1102 5133 niam
1118 5072 1292 5147 perveneris,
1309 5076 1338 5127 et
1352 5069 1463 5125 Veteris
1482 5069 1606 5125 coenobii
1630 5069 1783 5127 ecclesiam
1797 5068 1843 5126 iu·

1020 5165 1152 5231 treveris,
1169 5159 1304 5217 accersiri
1321 5159 1364 5213 fac
1379 5157 1415 5213 ad
1440 5162 1469 5214 te
1493 5158 1670 5219 monachum
1685 5160 1843 5232 quemdam

1022 5253 1217 5316 Wleslanum,
1243 5251 1437 5320 cognomento
1456 5247 1622 5304 Cantorem.
1640 5249 1692 5304 llic
1713 5264 1782 5305 cum
1810 5264 1846 5304 ax

1024 5359 1072 5399 ore
1086 5346 1137 5397 tuo
1148 5338 1236 5394 rerba
1245 5352 1317 5391 mea
1331 5333 1486 5408 legationis
1499 5336 1634 5403 audierit,
1647 5341 1676 5392 tc
1686 5335 1847 5393 mariadu-

1024 5433 1153 5490 bitanter
1168 5428 1204 5482 ad
1220 5441 1319 5483 meum
1336 5426 1473 5498 perducet
1486 5425 1646 5491 tumulum,
1657 5425 1768 5500 ubique
1778 5424 1848 5482 raal-

1025 5521 1087 5595 pies
1102 5518 1201 5574 lumen
1215 5513 1366 5572 mulorum
1377 5519 1524 5574 tucrum.»
1535 5513 1610 5581 auia
1621 5513 1847 5574 maturandu-
