<?xml version="1.0" encoding="UTF-8"?>
<!DOCTYPE html PUBLIC "-//W3C//DTD XHTML 1.0 Transitional//EN"
    "http://www.w3.org/TR/xhtml1/DTD/xhtml1-transitional.dtd">
<html xmlns="http://www.w3.org/1999/xhtml" xml:lang="en" lang="en">
 <head>
  <title>
</title>
<meta http-equiv="Content-Type" content="text/html;charset=utf-8" />
  <meta name='ocr-system' content='tesseract 3.04.00' />
  <meta name='ocr-capabilities' content='ocr_page ocr_carea ocr_par ocr_line ocrx_word'/>
</head>
<body>
  <div class='ocr_page' id='page_1' title='image "./patrologiaecurs49unkngoog_0137.png"; bbox 0 0 3900 6090; ppageno 0'>
   <div class='ocr_carea' id='block_1_1' title="bbox 185 291 1888 382">
    <p class='ocr_par' dir='ltr' id='par_1_1' title="bbox 185 291 1888 382">
     <span class='ocr_line' id='line_1_1' title="bbox 185 291 1888 382; baseline -0.005 -1"><span class='ocrx_word' id='word_1_1' title='bbox 185 321 243 382; x_wconf 81' lang='lat' dir='ltr'>raa</span> <span class='ocrx_word' id='word_1_2' title='bbox 594 291 784 378; x_wconf 77' lang='lat' dir='ltr'>‘ioannis</span> <span class='ocrx_word' id='word_1_3' title='bbox 809 312 973 376; x_wconf 74' lang='lat' dir='ltr'>casaris</span> <span class='ocrx_word' id='word_1_4' title='bbox 995 312 1028 375; x_wconf 93' lang='lat' dir='ltr'>s.</span> <span class='ocrx_word' id='word_1_5' title='bbox 1052 313 1223 376; x_wconf 76' lang='lat' dir='ltr'>annuam</span> <span class='ocrx_word' id='word_1_6' title='bbox 1245 313 1451 376; x_wconf 84' lang='lat' dir='ltr'>naransts.</span> <span class='ocrx_word' id='word_1_7' title='bbox 1827 311 1888 373; x_wconf 76' lang='lat' dir='ltr'>esc</span> 
     </span>
    </p>
   </div>
   <div class='ocr_carea' id='block_1_2' title="bbox 182 426 1904 5225">
    <p class='ocr_par' dir='ltr' id='par_1_2' title="bbox 182 426 1904 5225">
     <span class='ocr_line' id='line_1_2' title="bbox 185 426 1888 526; baseline -0.005 -16"><span class='ocrx_word' id='word_1_8' title='bbox 185 449 294 510; x_wconf 84' lang='lat' dir='ltr'>civitati</span> <span class='ocrx_word' id='word_1_9' title='bbox 309 449 428 526; x_wconf 75' lang='lat' dir='ltr'>Neapoli</span> <span class='ocrx_word' id='word_1_10' title='bbox 449 449 592 523; x_wconf 78' lang='lat' dir='ltr'>adjacent,</span> <span class='ocrx_word' id='word_1_11' title='bbox 609 465 759 505; x_wconf 90' lang='lat' dir='ltr'>servorum</span> <span class='ocrx_word' id='word_1_12' title='bbox 775 447 824 504; x_wconf 80' lang='lat' dir='ltr'>lici</span> <span class='ocrx_word' id='word_1_13' title='bbox 842 426 1045 514; x_wconf 53' lang='lat' dir='ltr'>habitaculafi</span> <span class='ocrx_word' id='word_1_14' title='bbox 1060 448 1130 505; x_wconf 92' lang='lat' dir='ltr'>hinc</span> <span class='ocrx_word' id='word_1_15' title='bbox 1140 443 1888 523; x_wconf 79' lang='lat' dir='ltr'>propulsis,virtutibushincintromissis,edificium</span> 
     </span>
     <span class='ocr_line' id='line_1_3' title="bbox 186 534 1889 610; baseline -0.004 -11"><span class='ocrx_word' id='word_1_16' title='bbox 186 543 242 600; x_wconf 92' lang='lat' dir='ltr'>sub</span> <span class='ocrx_word' id='word_1_17' title='bbox 252 543 371 599; x_wconf 90' lang='lat' dir='ltr'>uomina</span> <span class='ocrx_word' id='word_1_18' title='bbox 382 538 475 597; x_wconf 87' lang='lat' dir='ltr'>sancti</span> <span class='ocrx_word' id='word_1_19' title='bbox 485 537 653 603; x_wconf 85' lang='lat' dir='ltr'>Salvatoris,</span> <span class='ocrx_word' id='word_1_20' title='bbox 664 541 792 591; x_wconf 88' lang='lat' dir='ltr'>montem</span> <span class='ocrx_word' id='word_1_21' title='bbox 804 535 925 591; x_wconf 83' lang='lat' dir='ltr'>lisbium</span> <span class='ocrx_word' id='word_1_22' title='bbox 935 535 1008 608; x_wconf 77' lang='lat'>(367)</span> <span class='ocrx_word' id='word_1_23' title='bbox 1063 555 1178 594; x_wconf 90' lang='lat' dir='ltr'>morum</span> <span class='ocrx_word' id='word_1_24' title='bbox 1194 537 1303 610; x_wconf 87' lang='lat' dir='ltr'>optime</span> <span class='ocrx_word' id='word_1_25' title='bbox 1318 536 1547 609; x_wconf 90' lang='lat' dir='ltr'>compositorum</span> <span class='ocrx_word' id='word_1_26' title='bbox 1563 539 1697 591; x_wconf 91' lang='lat' dir='ltr'>stuctura</span> <span class='ocrx_word' id='word_1_27' title='bbox 1711 534 1889 608; x_wconf 88' lang='lat' dir='ltr'>perpulchra</span> 
     </span>
     <span class='ocr_line' id='line_1_4' title="bbox 186 622 1890 704; baseline -0.005 -15"><span class='ocrx_word' id='word_1_28' title='bbox 186 634 266 690; x_wconf 91' lang='lat' dir='ltr'>baud</span> <span class='ocrx_word' id='word_1_29' title='bbox 283 630 384 704; x_wconf 90' lang='lat' dir='ltr'>procul</span> <span class='ocrx_word' id='word_1_30' title='bbox 413 633 671 703; x_wconf 86' lang='lat' dir='ltr'>perpetuovnporc</span> <span class='ocrx_word' id='word_1_31' title='bbox 694 627 856 680; x_wconf 82' lang='lat' dir='ltr'>fumantem</span> <span class='ocrx_word' id='word_1_32' title='bbox 872 623 1007 691; x_wconf 75' lang='lat' dir='ltr'><strong>miratus,</strong></span> <span class='ocrx_word' id='word_1_33' title='bbox 1062 627 1194 694; x_wconf 86' lang='lat' dir='ltr'>erexerit,</span> <span class='ocrx_word' id='word_1_34' title='bbox 1208 642 1383 699; x_wconf 88' lang='lat' dir='ltr'>magnorum</span> <span class='ocrx_word' id='word_1_35' title='bbox 1399 624 1584 697; x_wconf 90' lang='lat' dir='ltr'>ingeniorum</span> <span class='ocrx_word' id='word_1_36' title='bbox 1596 623 1717 679; x_wconf 66' lang='lat' dir='ltr'>‘ittitires</span> <span class='ocrx_word' id='word_1_37' title='bbox 1740 622 1787 679; x_wconf 84' lang='lat' dir='ltr'>vix</span> <span class='ocrx_word' id='word_1_38' title='bbox 1802 641 1890 696; x_wconf 88' lang='lat' dir='ltr'>posse</span> 
     </span>
     <span class='ocr_line' id='line_1_5' title="bbox 186 711 1889 795; baseline -0.005 -18"><span class='ocrx_word' id='word_1_39' title='bbox 186 721 357 795; x_wconf 89' lang='lat' dir='ltr'>penetravit,</span> <span class='ocrx_word' id='word_1_40' title='bbox 370 732 529 787; x_wconf 88' lang='lat' dir='ltr'>corumque</span> <span class='ocrx_word' id='word_1_41' title='bbox 544 713 727 770; x_wconf 89' lang='lat' dir='ltr'>orationibus</span> <span class='ocrx_word' id='word_1_42' title='bbox 739 729 769 768; x_wconf 92' lang='lat' dir='ltr'>sc</span> <span class='ocrx_word' id='word_1_43' title='bbox 786 713 1007 779; x_wconf 86' lang='lat' dir='ltr'>commendans,</span> <span class='ocrx_word' id='word_1_44' title='bbox 1062 717 1196 790; x_wconf 81' lang='lat' dir='ltr'>expedire</span> <span class='ocrx_word' id='word_1_45' title='bbox 1211 715 1360 782; x_wconf 79' lang='lat' dir='ltr'>existina03</span> <span class='ocrx_word' id='word_1_46' title='bbox 1378 731 1444 769; x_wconf 91' lang='lat' dir='ltr'>cum</span> <span class='ocrx_word' id='word_1_47' title='bbox 1461 717 1537 768; x_wconf 88' lang='lat' dir='ltr'>certe</span> <span class='ocrx_word' id='word_1_48' title='bbox 1548 712 1601 767; x_wconf 82' lang='lat' dir='ltr'>bec</span> <span class='ocrx_word' id='word_1_49' title='bbox 1616 712 1651 767; x_wconf 91' lang='lat' dir='ltr'>ad</span> <span class='ocrx_word' id='word_1_50' title='bbox 1667 728 1710 781; x_wconf 89' lang='lat' dir='ltr'>ea,</span> <span class='ocrx_word' id='word_1_51' title='bbox 1722 728 1779 784; x_wconf 89' lang='lat' dir='ltr'>que</span> <span class='ocrx_word' id='word_1_52' title='bbox 1790 711 1889 770; x_wconf 89' lang='lat' dir='ltr'>divino</span> 
     </span>
     <span class='ocr_line' id='line_1_6' title="bbox 185 799 1887 878; baseline -0.005 -13"><span class='ocrx_word' id='word_1_53' title='bbox 185 808 319 865; x_wconf 89' lang='lat' dir='ltr'>nonnihil</span> <span class='ocrx_word' id='word_1_54' title='bbox 330 805 541 862; x_wconf 72' lang='lat' dir='ltr'>benedictionis</span> <span class='ocrx_word' id='word_1_55' title='bbox 550 820 584 859; x_wconf 85' lang='lat' dir='ltr'>ex</span> <span class='ocrx_word' id='word_1_56' title='bbox 593 803 703 876; x_wconf 89' lang='lat' dir='ltr'>bisque</span> <span class='ocrx_word' id='word_1_57' title='bbox 714 818 813 859; x_wconf 87' lang='lat' dir='ltr'>secum</span> <span class='ocrx_word' id='word_1_58' title='bbox 824 801 1008 858; x_wconf 88' lang='lat' dir='ltr'>tuliteisdem</span> <span class='ocrx_word' id='word_1_59' title='bbox 1063 821 1185 861; x_wconf 87' lang='lat' dir='ltr'>munere</span> <span class='ocrx_word' id='word_1_60' title='bbox 1200 808 1266 878; x_wconf 88' lang='lat' dir='ltr'>post</span> <span class='ocrx_word' id='word_1_61' title='bbox 1280 804 1308 858; x_wconf 92' lang='lat' dir='ltr'>in</span> <span class='ocrx_word' id='word_1_62' title='bbox 1321 802 1539 858; x_wconf 87' lang='lat' dir='ltr'>conversatione</span> <span class='ocrx_word' id='word_1_63' title='bbox 1554 799 1754 857; x_wconf 84' lang='lat' dir='ltr'>uionastcn&#39;ali</span> <span class='ocrx_word' id='word_1_64' title='bbox 1766 802 1887 875; x_wconf 79' lang='lat' dir='ltr'>peregit,</span> 
     </span>
     <span class='ocr_line' id='line_1_7' title="bbox 185 890 1887 967; baseline -0.004 -14"><span class='ocrx_word' id='word_1_65' title='bbox 185 897 275 953; x_wconf 88' lang='lat' dir='ltr'>servis</span> <span class='ocrx_word' id='word_1_66' title='bbox 291 895 340 952; x_wconf 85' lang='lat' dir='ltr'>Dei</span> <span class='ocrx_word' id='word_1_67' title='bbox 356 893 480 965; x_wconf 82' lang='lat' dir='ltr'>largitus</span> <span class='ocrx_word' id='word_1_68' title='bbox 496 898 550 949; x_wconf 88' lang='lat' dir='ltr'>cst.</span> <span class='ocrx_word' id='word_1_69' title='bbox 1061 895 1152 951; x_wconf 86' lang='lat' dir='ltr'>inicia</span> <span class='ocrx_word' id='word_1_70' title='bbox 1175 895 1301 967; x_wconf 87' lang='lat' dir='ltr'>quedam</span> <span class='ocrx_word' id='word_1_71' title='bbox 1324 890 1404 947; x_wconf 85' lang='lat' dir='ltr'>velut</span> <span class='ocrx_word' id='word_1_72' title='bbox 1426 897 1454 947; x_wconf 91' lang='lat' dir='ltr'>ct</span> <span class='ocrx_word' id='word_1_73' title='bbox 1479 891 1591 962; x_wconf 89' lang='lat' dir='ltr'>abjecta</span> <span class='ocrx_word' id='word_1_74' title='bbox 1606 890 1721 946; x_wconf 87' lang='lat' dir='ltr'>valcant</span> <span class='ocrx_word' id='word_1_75' title='bbox 1745 892 1887 964; x_wconf 87' lang='lat' dir='ltr'>reputari.</span> 
     </span>
     <span class='ocr_line' id='line_1_8' title="bbox 219 977 1887 1048; baseline -0.006 -8"><span class='ocrx_word' id='word_1_76' title='bbox 219 986 264 1040; x_wconf 78' lang='lat'>⁴26.</span> <span class='ocrx_word' id='word_1_77' title='bbox 281 984 411 1040; x_wconf 77' lang='lat' dir='ltr'>Tandem</span> <span class='ocrx_word' id='word_1_78' title='bbox 427 983 542 1039; x_wconf 89' lang='lat' dir='ltr'>Christo</span> <span class='ocrx_word' id='word_1_79' title='bbox 558 983 643 1047; x_wconf 90' lang='lat' dir='ltr'>duce,</span> <span class='ocrx_word' id='word_1_80' title='bbox 659 981 735 1036; x_wconf 83' lang='lat' dir='ltr'>felici</span> <span class='ocrx_word' id='word_1_81' title='bbox 751 997 839 1035; x_wconf 84' lang='lat' dir='ltr'>cursu</span> <span class='ocrx_word' id='word_1_82' title='bbox 853 984 881 1036; x_wconf 90' lang='lat' dir='ltr'>cl</span> <span class='ocrx_word' id='word_1_83' title='bbox 895 981 1009 1035; x_wconf 89' lang='lat' dir='ltr'>cunctis</span> <span class='ocrx_word' id='word_1_84' title='bbox 1063 985 1120 1040; x_wconf 80' lang='lat' dir='ltr'>Hec</span> <span class='ocrx_word' id='word_1_85' title='bbox 1145 990 1243 1039; x_wconf 82' lang='lat' dir='ltr'>autern</span> <span class='ocrx_word' id='word_1_86' title='bbox 1268 981 1368 1037; x_wconf 84' lang='lat' dir='ltr'>omnia</span> <span class='ocrx_word' id='word_1_87' title='bbox 1390 981 1467 1035; x_wconf 89' lang='lat' dir='ltr'>intra</span> <span class='ocrx_word' id='word_1_88' title='bbox 1487 977 1586 1035; x_wconf 78' lang='lat' dir='ltr'>abditu</span> <span class='ocrx_word' id='word_1_89' title='bbox 1609 979 1724 1048; x_wconf 74' lang='lat' dir='ltr'>donnus,</span> <span class='ocrx_word' id='word_1_90' title='bbox 1741 980 1800 1036; x_wconf 86' lang='lat' dir='ltr'>Deo</span> <span class='ocrx_word' id='word_1_91' title='bbox 1826 979 1887 1036; x_wconf 81' lang='lat' dir='ltr'>suia</span> 
     </span>
     <span class='ocr_line' id='line_1_9' title="bbox 185 1067 1887 1148; baseline -0.001 -23"><span class='ocrx_word' id='word_1_92' title='bbox 185 1089 324 1148; x_wconf 77' lang='lat' dir='ltr'>prospere</span> <span class='ocrx_word' id='word_1_93' title='bbox 348 1072 405 1128; x_wconf 81' lang='lat' dir='ltr'>sibi</span> <span class='ocrx_word' id='word_1_94' title='bbox 428 1070 599 1128; x_wconf 75' lang='lat' dir='ltr'>cedentibus</span> <span class='ocrx_word' id='word_1_95' title='bbox 623 1071 743 1125; x_wconf 89' lang='lat' dir='ltr'>domum</span> <span class='ocrx_word' id='word_1_96' title='bbox 770 1085 931 1141; x_wconf 77' lang='lat' dir='ltr'>regressus,</span> <span class='ocrx_word' id='word_1_97' title='bbox 957 1085 1010 1123; x_wconf 88' lang='lat' dir='ltr'>nec</span> <span class='ocrx_word' id='word_1_98' title='bbox 1061 1073 1195 1139; x_wconf 87' lang='lat' dir='ltr'>testo,vix</span> <span class='ocrx_word' id='word_1_99' title='bbox 1210 1067 1887 1143; x_wconf 82' lang='lat' dir='ltr'>aliquibusexlamiliaaconsciis,operabatur,</span> 
     </span>
     <span class='ocr_line' id='line_1_10' title="bbox 185 1154 1887 1230; baseline -0.003 -12"><span class='ocrx_word' id='word_1_100' title='bbox 185 1179 277 1230; x_wconf 82' lang='lat' dir='ltr'>incra,</span> <span class='ocrx_word' id='word_1_101' title='bbox 295 1162 437 1217; x_wconf 85' lang='lat' dir='ltr'>monitore</span> <span class='ocrx_word' id='word_1_102' title='bbox 461 1176 514 1215; x_wconf 85' lang='lat' dir='ltr'>suc</span> <span class='ocrx_word' id='word_1_103' title='bbox 537 1158 697 1215; x_wconf 78' lang='lat' dir='ltr'>Humbctto</span> <span class='ocrx_word' id='word_1_104' title='bbox 720 1160 871 1224; x_wconf 70' lang='lat' dir='ltr'>etantanto,</span> <span class='ocrx_word' id='word_1_105' title='bbox 889 1154 1010 1213; x_wconf 66' lang='lat' dir='ltr'>consilto</span> <span class='ocrx_word' id='word_1_106' title='bbox 1064 1161 1297 1218; x_wconf 60' lang='lat' dir='ltr'>cavitas-cronico</span> <span class='ocrx_word' id='word_1_107' title='bbox 1309 1159 1382 1216; x_wconf 86' lang='lat' dir='ltr'>seire</span> <span class='ocrx_word' id='word_1_108' title='bbox 1394 1158 1542 1214; x_wconf 84' lang='lat' dir='ltr'>sinistrum</span> <span class='ocrx_word' id='word_1_109' title='bbox 1554 1157 1624 1230; x_wconf 89' lang='lat' dir='ltr'>quid</span> <span class='ocrx_word' id='word_1_110' title='bbox 1638 1157 1744 1213; x_wconf 88' lang='lat' dir='ltr'>iaceret</span> <span class='ocrx_word' id='word_1_111' title='bbox 1757 1158 1887 1226; x_wconf 80' lang='lat' dir='ltr'>dextera,</span> 
     </span>
     <span class='ocr_line' id='line_1_11' title="bbox 185 1245 1889 1325; baseline -0.009 -18"><span class='ocrx_word' id='word_1_112' title='bbox 185 1252 290 1325; x_wconf 88' lang='lat' dir='ltr'>ipsius,</span> <span class='ocrx_word' id='word_1_113' title='bbox 303 1250 372 1324; x_wconf 91' lang='lat' dir='ltr'>quia</span> <span class='ocrx_word' id='word_1_114' title='bbox 387 1249 469 1306; x_wconf 91' lang='lat' dir='ltr'>locus</span> <span class='ocrx_word' id='word_1_115' title='bbox 481 1247 632 1305; x_wconf 77' lang='lat' dir='ltr'>desideriis</span> <span class='ocrx_word' id='word_1_116' title='bbox 644 1264 744 1304; x_wconf 80' lang='lat' dir='ltr'>coriam</span> <span class='ocrx_word' id='word_1_117' title='bbox 761 1249 847 1319; x_wconf 86' lang='lat' dir='ltr'>aptus</span> <span class='ocrx_word' id='word_1_118' title='bbox 863 1261 1010 1318; x_wconf 76' lang='lat' dir='ltr'>nusquam</span> <span class='ocrx_word' id='word_1_119' title='bbox 1063 1255 1092 1307; x_wconf 77' lang='lat' dir='ltr'>et</span> <span class='ocrx_word' id='word_1_120' title='bbox 1103 1256 1134 1306; x_wconf 87' lang='lat' dir='ltr'>nt</span> <span class='ocrx_word' id='word_1_121' title='bbox 1145 1257 1248 1305; x_wconf 84' lang='lat' dir='ltr'>tenera</span> <span class='ocrx_word' id='word_1_122' title='bbox 1259 1248 1448 1322; x_wconf 72' lang='lat' dir='ltr'>plantationis</span> <span class='ocrx_word' id='word_1_123' title='bbox 1459 1245 1627 1317; x_wconf 75' lang='lat' dir='ltr'>virgultum,</span> <span class='ocrx_word' id='word_1_124' title='bbox 1639 1246 1813 1319; x_wconf 70' lang='lat' dir='ltr'>prinsquam</span> <span class='ocrx_word' id='word_1_125' title='bbox 1826 1246 1889 1303; x_wconf 75' lang='lat' dir='ltr'>sus.</span> 
     </span>
     <span class='ocr_line' id='line_1_12' title="bbox 186 1335 1889 1411; baseline -0.004 -15"><span class='ocrx_word' id='word_1_126' title='bbox 186 1340 473 1405; x_wconf 88' lang='lat' dir='ltr'>occurrebat,sccum</span> <span class='ocrx_word' id='word_1_127' title='bbox 486 1336 601 1390; x_wconf 84' lang='lat' dir='ltr'>interim</span> <span class='ocrx_word' id='word_1_128' title='bbox 613 1335 691 1391; x_wconf 88' lang='lat' dir='ltr'>domi</span> <span class='ocrx_word' id='word_1_129' title='bbox 703 1335 940 1401; x_wconf 84' lang='lat' dir='ltr'>subsistere,ctsi</span> <span class='ocrx_word' id='word_1_130' title='bbox 953 1347 1011 1405; x_wconf 90' lang='lat' dir='ltr'>qua</span> <span class='ocrx_word' id='word_1_131' title='bbox 1064 1339 1171 1396; x_wconf 80' lang='lat' dir='ltr'>ficienti</span> <span class='ocrx_word' id='word_1_132' title='bbox 1189 1337 1358 1411; x_wconf 73' lang='lat' dir='ltr'>irrigatione</span> <span class='ocrx_word' id='word_1_133' title='bbox 1374 1335 1664 1407; x_wconf 57' lang='lat' dir='ltr'>radicem-richperat,</span> <span class='ocrx_word' id='word_1_134' title='bbox 1677 1351 1784 1391; x_wconf 88' lang='lat' dir='ltr'>manus</span> <span class='ocrx_word' id='word_1_135' title='bbox 1800 1340 1889 1408; x_wconf 89' lang='lat' dir='ltr'>atque</span> 
     </span>
     <span class='ocr_line' id='line_1_13' title="bbox 185 1423 1887 1501; baseline -0.002 -17"><span class='ocrx_word' id='word_1_136' title='bbox 185 1427 239 1501; x_wconf 85' lang='lat' dir='ltr'>piae</span> <span class='ocrx_word' id='word_1_137' title='bbox 256 1425 378 1482; x_wconf 85' lang='lat' dir='ltr'>actionis</span> <span class='ocrx_word' id='word_1_138' title='bbox 400 1429 513 1498; x_wconf 75' lang='lat' dir='ltr'>poterat</span> <span class='ocrx_word' id='word_1_139' title='bbox 537 1423 646 1479; x_wconf 76' lang='lat' dir='ltr'>ibidem</span> <span class='ocrx_word' id='word_1_140' title='bbox 670 1439 812 1491; x_wconf 62' lang='lat' dir='ltr'>excitem,</span> <span class='ocrx_word' id='word_1_141' title='bbox 829 1437 1010 1495; x_wconf 72' lang='lat' dir='ltr'>quamquam</span> <span class='ocrx_word' id='word_1_142' title='bbox 1062 1433 1216 1484; x_wconf 85' lang='lat' dir='ltr'>ventorum</span> <span class='ocrx_word' id='word_1_143' title='bbox 1227 1431 1392 1482; x_wconf 84' lang='lat' dir='ltr'>contactum</span> <span class='ocrx_word' id='word_1_144' title='bbox 1410 1441 1467 1479; x_wconf 78' lang='lat' dir='ltr'>nort</span> <span class='ocrx_word' id='word_1_145' title='bbox 1483 1424 1556 1479; x_wconf 81' lang='lat' dir='ltr'>laone</span> <span class='ocrx_word' id='word_1_146' title='bbox 1566 1423 1717 1478; x_wconf 86' lang='lat' dir='ltr'>credulum</span> <span class='ocrx_word' id='word_1_147' title='bbox 1729 1423 1887 1481; x_wconf 77' lang='lat' dir='ltr'>devitabat.</span> 
     </span>
     <span class='ocr_line' id='line_1_14' title="bbox 185 1511 1888 1590; baseline -0.003 -18"><span class='ocrx_word' id='word_1_148' title='bbox 185 1516 344 1572; x_wconf 85' lang='lat' dir='ltr'>admodum</span> <span class='ocrx_word' id='word_1_149' title='bbox 357 1530 431 1586; x_wconf 83' lang='lat' dir='ltr'>agre</span> <span class='ocrx_word' id='word_1_150' title='bbox 447 1514 540 1569; x_wconf 88' lang='lat' dir='ltr'>satius</span> <span class='ocrx_word' id='word_1_151' title='bbox 554 1513 596 1548; x_wconf 71' lang='lat'>¹⁵⁴²</span> <span class='ocrx_word' id='word_1_152' title='bbox 607 1511 699 1568; x_wconf 80' lang='lat' dir='ltr'>duxit.</span> <span class='ocrx_word' id='word_1_153' title='bbox 710 1513 836 1584; x_wconf 79' lang='lat' dir='ltr'>Eratque</span> <span class='ocrx_word' id='word_1_154' title='bbox 847 1516 946 1585; x_wconf 81' lang='lat' dir='ltr'>utpote</span> <span class='ocrx_word' id='word_1_155' title='bbox 957 1520 1011 1585; x_wconf 69' lang='lat' dir='ltr'>qut</span> <span class='ocrx_word' id='word_1_156' title='bbox 1065 1517 1116 1574; x_wconf 82' lang='lat' dir='ltr'>His</span> <span class='ocrx_word' id='word_1_157' title='bbox 1131 1533 1209 1590; x_wconf 87' lang='lat' dir='ltr'>ergo,</span> <span class='ocrx_word' id='word_1_158' title='bbox 1223 1514 1360 1588; x_wconf 87' lang='lat' dir='ltr'>qnoniam</span> <span class='ocrx_word' id='word_1_159' title='bbox 1378 1515 1413 1569; x_wconf 91' lang='lat' dir='ltr'>ad</span> <span class='ocrx_word' id='word_1_160' title='bbox 1435 1512 1512 1567; x_wconf 91' lang='lat' dir='ltr'>dicia</span> <span class='ocrx_word' id='word_1_161' title='bbox 1533 1512 1620 1567; x_wconf 87' lang='lat' dir='ltr'>rebus</span> <span class='ocrx_word' id='word_1_162' title='bbox 1637 1512 1816 1583; x_wconf 78' lang='lat' dir='ltr'>exequenda</span> <span class='ocrx_word' id='word_1_163' title='bbox 1831 1512 1888 1568; x_wconf 92' lang='lat' dir='ltr'>ari·</span> 
     </span>
     <span class='ocr_line' id='line_1_15' title="bbox 182 1598 1890 1679; baseline -0.001 -20"><span class='ocrx_word' id='word_1_164' title='bbox 182 1605 310 1678; x_wconf 80' lang='lat' dir='ltr'>liguram</span> <span class='ocrx_word' id='word_1_165' title='bbox 325 1603 416 1673; x_wconf 82' lang='lat' dir='ltr'>hujus</span> <span class='ocrx_word' id='word_1_166' title='bbox 436 1600 538 1658; x_wconf 89' lang='lat' dir='ltr'>mundi</span> <span class='ocrx_word' id='word_1_167' title='bbox 561 1600 709 1674; x_wconf 83' lang='lat' dir='ltr'>preterire</span> <span class='ocrx_word' id='word_1_168' title='bbox 725 1601 895 1673; x_wconf 89' lang='lat' dir='ltr'>quantotius</span> <span class='ocrx_word' id='word_1_169' title='bbox 910 1601 1011 1658; x_wconf 88' lang='lat' dir='ltr'>adten·</span> <span class='ocrx_word' id='word_1_170' title='bbox 1065 1605 1140 1662; x_wconf 89' lang='lat' dir='ltr'>ditas</span> <span class='ocrx_word' id='word_1_171' title='bbox 1161 1603 1270 1679; x_wconf 86' lang='lat' dir='ltr'>ingenii</span> <span class='ocrx_word' id='word_1_172' title='bbox 1297 1602 1418 1659; x_wconf 88' lang='lat' dir='ltr'>minime</span> <span class='ocrx_word' id='word_1_173' title='bbox 1441 1601 1560 1671; x_wconf 80' lang='lat' dir='ltr'>suflicit,</span> <span class='ocrx_word' id='word_1_174' title='bbox 1579 1599 1793 1674; x_wconf 79' lang='lat' dir='ltr'>pretermissis,</span> <span class='ocrx_word' id='word_1_175' title='bbox 1815 1598 1890 1657; x_wconf 85' lang='lat' dir='ltr'>ordi·</span> 
     </span>
     <span class='ocr_line' id='line_1_16' title="bbox 184 1689 1579 1766; baseline -0.003 -17"><span class='ocrx_word' id='word_1_176' title='bbox 184 1692 283 1760; x_wconf 88' lang='lat' dir='ltr'>debat,</span> <span class='ocrx_word' id='word_1_177' title='bbox 300 1691 412 1747; x_wconf 90' lang='lat' dir='ltr'>habeus</span> <span class='ocrx_word' id='word_1_178' title='bbox 426 1694 578 1762; x_wconf 89' lang='lat' dir='ltr'>tamquam</span> <span class='ocrx_word' id='word_1_179' title='bbox 600 1706 657 1746; x_wconf 91' lang='lat' dir='ltr'>non</span> <span class='ocrx_word' id='word_1_180' title='bbox 684 1689 805 1757; x_wconf 88' lang='lat' dir='ltr'>babens,</span> <span class='ocrx_word' id='word_1_181' title='bbox 822 1706 922 1748; x_wconf 89' lang='lat' dir='ltr'>emens</span> <span class='ocrx_word' id='word_1_182' title='bbox 935 1695 1011 1747; x_wconf 89' lang='lat' dir='ltr'>tam·</span> <span class='ocrx_word' id='word_1_183' title='bbox 1065 1711 1131 1752; x_wconf 90' lang='lat' dir='ltr'>nem</span> <span class='ocrx_word' id='word_1_184' title='bbox 1148 1710 1246 1750; x_wconf 88' lang='lat' dir='ltr'>rerum</span> <span class='ocrx_word' id='word_1_185' title='bbox 1262 1692 1359 1766; x_wconf 89' lang='lat' dir='ltr'>potius</span> <span class='ocrx_word' id='word_1_186' title='bbox 1375 1707 1579 1764; x_wconf 81' lang='lat' dir='ltr'>exsequamur.</span> 
     </span>
     <span class='ocr_line' id='line_1_17' title="bbox 184 1778 1889 1854; baseline -0.001 -16"><span class='ocrx_word' id='word_1_187' title='bbox 184 1779 1038 1854; x_wconf 82' lang='lat' dir='ltr'>quamncnpossidcns,utensboemundctamquamnou‘&#39;</span> <span class='ocrx_word' id='word_1_188' title='bbox 1100 1782 1387 1840; x_wconf 65' lang='lat' dir='ltr'>metusmetus</span> <span class='ocrx_word' id='word_1_189' title='bbox 1409 1785 1436 1836; x_wconf 92' lang='lat' dir='ltr'>ot</span> <span class='ocrx_word' id='word_1_190' title='bbox 1459 1779 1577 1835; x_wconf 88' lang='lat' dir='ltr'>unicam</span> <span class='ocrx_word' id='word_1_191' title='bbox 1601 1778 1632 1834; x_wconf 94' lang='lat' dir='ltr'>in</span> <span class='ocrx_word' id='word_1_192' title='bbox 1655 1778 1702 1834; x_wconf 93' lang='lat' dir='ltr'>his</span> <span class='ocrx_word' id='word_1_193' title='bbox 1718 1779 1889 1852; x_wconf 86' lang='lat' dir='ltr'>regionibus</span> 
     </span>
     <span class='ocr_line' id='line_1_18' title="bbox 183 1865 1887 1948; baseline -0.001 -23"><span class='ocrx_word' id='word_1_194' title='bbox 183 1873 280 1927; x_wconf 89' lang='lat' dir='ltr'>utens.</span> <span class='ocrx_word' id='word_1_195' title='bbox 290 1870 326 1924; x_wconf 82' lang='lat' dir='ltr'>ut</span> <span class='ocrx_word' id='word_1_196' title='bbox 336 1869 400 1941; x_wconf 89' lang='lat' dir='ltr'>jam</span> <span class='ocrx_word' id='word_1_197' title='bbox 416 1871 495 1948; x_wconf 84' lang='lat' dir='ltr'>totus</span> <span class='ocrx_word' id='word_1_198' title='bbox 505 1865 674 1924; x_wconf 78' lang='lat' dir='ltr'>celestibus</span> <span class='ocrx_word' id='word_1_199' title='bbox 687 1869 824 1941; x_wconf 81' lang='lat' dir='ltr'>flagrans,</span> <span class='ocrx_word' id='word_1_200' title='bbox 837 1868 933 1942; x_wconf 85' lang='lat' dir='ltr'>specie</span> <span class='ocrx_word' id='word_1_201' title='bbox 947 1869 1009 1926; x_wconf 89' lang='lat' dir='ltr'>sola</span> <span class='ocrx_word' id='word_1_202' title='bbox 1063 1874 1250 1947; x_wconf 86' lang='lat' dir='ltr'>postmodum</span> <span class='ocrx_word' id='word_1_203' title='bbox 1262 1870 1360 1926; x_wconf 88' lang='lat' dir='ltr'>lumen</span> <span class='ocrx_word' id='word_1_204' title='bbox 1371 1867 1724 1935; x_wconf 86' lang='lat' dir='ltr'>monucitoruu1,d0mnus</span> <span class='ocrx_word' id='word_1_205' title='bbox 1733 1867 1887 1937; x_wconf 85' lang='lat' dir='ltr'>iiinaidus,</span> 
     </span>
     <span class='ocr_line' id='line_1_19' title="bbox 183 1954 1886 2036; baseline -0.002 -20"><span class='ocrx_word' id='word_1_206' title='bbox 183 1954 231 2016; x_wconf 89' lang='lat' dir='ltr'>re&#39;s</span> <span class='ocrx_word' id='word_1_207' title='bbox 246 1955 430 2014; x_wconf 90' lang='lat' dir='ltr'>transitorias</span> <span class='ocrx_word' id='word_1_208' title='bbox 455 1956 609 2030; x_wconf 80' lang='lat' dir='ltr'>disponere</span> <span class='ocrx_word' id='word_1_209' title='bbox 622 1956 784 2012; x_wconf 88' lang='lat' dir='ltr'>videbatur.</span> <span class='ocrx_word' id='word_1_210' title='bbox 801 1955 936 2014; x_wconf 87' lang='lat' dir='ltr'>Ceterum</span> <span class='ocrx_word' id='word_1_211' title='bbox 950 1957 1009 2014; x_wconf 86' lang='lat' dir='ltr'>vita</span> <span class='ocrx_word' id='word_1_212' title='bbox 1061 1963 1126 2036; x_wconf 87' lang='lat' dir='ltr'>ipso</span> <span class='ocrx_word' id='word_1_213' title='bbox 1142 1966 1271 2034; x_wconf 86' lang='lat' dir='ltr'>tompore</span> <span class='ocrx_word' id='word_1_214' title='bbox 1291 1957 1375 2015; x_wconf 79' lang='lat' dir='ltr'>&#39;lullo</span> <span class='ocrx_word' id='word_1_215' title='bbox 1397 1958 1427 2012; x_wconf 90' lang='lat' dir='ltr'>in</span> <span class='ocrx_word' id='word_1_216' title='bbox 1452 1972 1569 2012; x_wconf 82' lang='lat' dir='ltr'>summo</span> <span class='ocrx_word' id='word_1_217' title='bbox 1584 1955 1717 2011; x_wconf 88' lang='lat' dir='ltr'>omnium</span> <span class='ocrx_word' id='word_1_218' title='bbox 1741 1956 1886 2013; x_wconf 90' lang='lat' dir='ltr'>bonorum</span> 
     </span>
     <span class='ocr_line' id='line_1_20' title="bbox 184 2042 1888 2123; baseline -0.001 -19"><span class='ocrx_word' id='word_1_219' title='bbox 184 2049 251 2121; x_wconf 87' lang='lat' dir='ltr'>ejus</span> <span class='ocrx_word' id='word_1_220' title='bbox 265 2045 297 2102; x_wconf 90' lang='lat' dir='ltr'>in</span> <span class='ocrx_word' id='word_1_221' title='bbox 317 2060 374 2118; x_wconf 92' lang='lat' dir='ltr'>quc</span> <span class='ocrx_word' id='word_1_222' title='bbox 389 2061 405 2101; x_wconf 88' lang='lat' dir='ltr'>a</span> <span class='ocrx_word' id='word_1_223' title='bbox 419 2043 556 2101; x_wconf 89' lang='lat' dir='ltr'>monachi</span> <span class='ocrx_word' id='word_1_224' title='bbox 567 2042 702 2100; x_wconf 89' lang='lat' dir='ltr'>instituto</span> <span class='ocrx_word' id='word_1_225' title='bbox 717 2043 854 2113; x_wconf 80' lang='lat' dir='ltr'>differret,</span> <span class='ocrx_word' id='word_1_226' title='bbox 866 2046 946 2102; x_wconf 90' lang='lat' dir='ltr'>baud</span> <span class='ocrx_word' id='word_1_227' title='bbox 963 2045 1008 2102; x_wconf 82' lang='lat' dir='ltr'>ia·</span> <span class='ocrx_word' id='word_1_228' title='bbox 1067 2047 1540 2123; x_wconf 68' lang='lat' dir='ltr'>exemplavitamducebat.1s¹t⁵⁶</span> <span class='ocrx_word' id='word_1_229' title='bbox 1556 2063 1574 2100; x_wconf 93' lang='lat' dir='ltr'>n</span> <span class='ocrx_word' id='word_1_230' title='bbox 1591 2043 1716 2101; x_wconf 89' lang='lat' dir='ltr'>scicntia</span> <span class='ocrx_word' id='word_1_231' title='bbox 1730 2043 1888 2102; x_wconf 87' lang='lat' dir='ltr'>literarum</span> 
     </span>
     <span class='ocr_line' id='line_1_21' title="bbox 184 2132 1888 2209; baseline 0 -17"><span class='ocrx_word' id='word_1_232' title='bbox 184 2135 239 2192; x_wconf 90' lang='lat' dir='ltr'>cile</span> <span class='ocrx_word' id='word_1_233' title='bbox 261 2134 418 2208; x_wconf 87' lang='lat' dir='ltr'>quisquam</span> <span class='ocrx_word' id='word_1_234' title='bbox 434 2132 621 2189; x_wconf 85' lang='lat' dir='ltr'>discerneret.</span> <span class='ocrx_word' id='word_1_235' title='bbox 639 2133 682 2190; x_wconf 92' lang='lat' dir='ltr'>lta</span> <span class='ocrx_word' id='word_1_236' title='bbox 705 2148 814 2207; x_wconf 80' lang='lat' dir='ltr'>pernox</span> <span class='ocrx_word' id='word_1_237' title='bbox 838 2134 867 2190; x_wconf 90' lang='lat' dir='ltr'>iu</span> <span class='ocrx_word' id='word_1_238' title='bbox 888 2134 1007 2209; x_wconf 86' lang='lat' dir='ltr'>vigiliis,</span> <span class='ocrx_word' id='word_1_239' title='bbox 1062 2144 1122 2196; x_wconf 89' lang='lat' dir='ltr'>tam</span> <span class='ocrx_word' id='word_1_240' title='bbox 1139 2137 1314 2195; x_wconf 84' lang='lat' dir='ltr'>secularium</span> <span class='ocrx_word' id='word_1_241' title='bbox 1326 2153 1414 2209; x_wconf 84' lang='lat' dir='ltr'>quarn</span> <span class='ocrx_word' id='word_1_242' title='bbox 1428 2133 1593 2191; x_wconf 88' lang='lat' dir='ltr'>divinarum</span> <span class='ocrx_word' id='word_1_243' title='bbox 1608 2134 1697 2190; x_wconf 72' lang='lat' dir='ltr'>ea¹⁵⁸²</span> <span class='ocrx_word' id='word_1_244' title='bbox 1712 2138 1888 2207; x_wconf 86' lang='lat' dir='ltr'>tempestate</span> 
     </span>
     <span class='ocr_line' id='line_1_22' title="bbox 184 2221 1887 2296; baseline 0 -14"><span class='ocrx_word' id='word_1_245' title='bbox 184 2224 367 2283; x_wconf 89' lang='lat' dir='ltr'>erationibus</span> <span class='ocrx_word' id='word_1_246' title='bbox 382 2227 481 2279; x_wconf 90' lang='lat' dir='ltr'>noctes</span> <span class='ocrx_word' id='word_1_247' title='bbox 496 2221 617 2295; x_wconf 82' lang='lat' dir='ltr'>diesque</span> <span class='ocrx_word' id='word_1_248' title='bbox 630 2223 821 2295; x_wconf 87' lang='lat' dir='ltr'>conjungens,</span> <span class='ocrx_word' id='word_1_249' title='bbox 834 2222 1009 2282; x_wconf 88' lang='lat' dir='ltr'>lectionibus</span> <span class='ocrx_word' id='word_1_250' title='bbox 1061 2227 1139 2284; x_wconf 90' lang='lat' dir='ltr'>inter</span> <span class='ocrx_word' id='word_1_251' title='bbox 1153 2244 1222 2284; x_wconf 89' lang='lat' dir='ltr'>suos</span> <span class='ocrx_word' id='word_1_252' title='bbox 1232 2225 1304 2282; x_wconf 90' lang='lat' dir='ltr'>nulii</span> <span class='ocrx_word' id='word_1_253' title='bbox 1320 2225 1556 2291; x_wconf 87' lang='lat' dir='ltr'>sccundus,cu1n</span> <span class='ocrx_word' id='word_1_254' title='bbox 1574 2227 1652 2279; x_wconf 89' lang='lat' dir='ltr'>essct</span> <span class='ocrx_word' id='word_1_255' title='bbox 1666 2222 1887 2296; x_wconf 88' lang='lat' dir='ltr'>sedissjusdem</span> 
     </span>
     <span class='ocr_line' id='line_1_23' title="bbox 183 2310 1888 2391; baseline -0.001 -21"><span class='ocrx_word' id='word_1_256' title='bbox 183 2312 278 2370; x_wconf 84' lang='lat' dir='ltr'>sacris</span> <span class='ocrx_word' id='word_1_257' title='bbox 293 2310 448 2370; x_wconf 84' lang='lat' dir='ltr'>studicvix</span> <span class='ocrx_word' id='word_1_258' title='bbox 460 2310 618 2385; x_wconf 89' lang='lat' dir='ltr'>aliqnando</span> <span class='ocrx_word' id='word_1_259' title='bbox 633 2310 771 2368; x_wconf 89' lang='lat' dir='ltr'>intercise</span> <span class='ocrx_word' id='word_1_260' title='bbox 782 2310 937 2382; x_wconf 74' lang='lat' dir='ltr'>inherens,</span> <span class='ocrx_word' id='word_1_261' title='bbox 950 2329 1009 2370; x_wconf 92' lang='lat' dir='ltr'>cm·</span> <span class='ocrx_word' id='word_1_262' title='bbox 1064 2317 1157 2391; x_wconf 85' lang='lat' dir='ltr'>primo</span> <span class='ocrx_word' id='word_1_263' title='bbox 1177 2315 1295 2388; x_wconf 89' lang='lat' dir='ltr'>quidem</span> <span class='ocrx_word' id='word_1_264' title='bbox 1321 2312 1546 2387; x_wconf 86' lang='lat' dir='ltr'>primiscrinius,</span> <span class='ocrx_word' id='word_1_265' title='bbox 1558 2317 1659 2385; x_wconf 88' lang='lat' dir='ltr'>postca</span> <span class='ocrx_word' id='word_1_266' title='bbox 1679 2316 1778 2368; x_wconf 89' lang='lat' dir='ltr'>autem</span> <span class='ocrx_word' id='word_1_267' title='bbox 1798 2310 1888 2369; x_wconf 89' lang='lat' dir='ltr'>etiam</span> 
     </span>
     <span class='ocr_line' id='line_1_24' title="bbox 184 2399 1889 2481; baseline -0.001 -22"><span class='ocrx_word' id='word_1_268' title='bbox 184 2401 274 2475; x_wconf 90' lang='lat' dir='ltr'>nique</span> <span class='ocrx_word' id='word_1_269' title='bbox 291 2399 482 2476; x_wconf 79' lang='lat' dir='ltr'>castigatione</span> <span class='ocrx_word' id='word_1_270' title='bbox 506 2399 635 2473; x_wconf 86' lang='lat' dir='ltr'>corporis</span> <span class='ocrx_word' id='word_1_271' title='bbox 661 2417 725 2457; x_wconf 91' lang='lat' dir='ltr'>scsc</span> <span class='ocrx_word' id='word_1_272' title='bbox 750 2417 896 2471; x_wconf 85' lang='lat' dir='ltr'>coercens,</span> <span class='ocrx_word' id='word_1_273' title='bbox 913 2402 1008 2460; x_wconf 89' lang='lat' dir='ltr'>crucis</span> <span class='ocrx_word' id='word_1_274' title='bbox 1063 2400 1889 2481; x_wconf 85' lang='lat' dir='ltr'>primusarchidiaconus,cunetarumqueopumailiueu-</span> 
     </span>
     <span class='ocr_line' id='line_1_25' title="bbox 186 2488 1888 2560; baseline -0.001 -12"><span class='ocrx_word' id='word_1_275' title='bbox 186 2494 346 2560; x_wconf 84' lang='lat' dir='ltr'>auctcrem,</span> <span class='ocrx_word' id='word_1_276' title='bbox 360 2489 432 2546; x_wconf 89' lang='lat' dir='ltr'>satis</span> <span class='ocrx_word' id='word_1_277' title='bbox 446 2488 477 2544; x_wconf 90' lang='lat' dir='ltr'>in</span> <span class='ocrx_word' id='word_1_278' title='bbox 494 2489 620 2546; x_wconf 90' lang='lat' dir='ltr'>sublime</span> <span class='ocrx_word' id='word_1_279' title='bbox 633 2505 719 2546; x_wconf 88' lang='lat' dir='ltr'>cruce</span> <span class='ocrx_word' id='word_1_280' title='bbox 733 2488 836 2557; x_wconf 82' lang='lat' dir='ltr'>lerata,</span> <span class='ocrx_word' id='word_1_281' title='bbox 849 2490 916 2548; x_wconf 91' lang='lat' dir='ltr'>nisu</span> <span class='ocrx_word' id='word_1_282' title='bbox 931 2492 1010 2550; x_wconf 83' lang='lat' dir='ltr'>iude</span> <span class='ocrx_word' id='word_1_283' title='bbox 1063 2494 1104 2552; x_wconf 89' lang='lat' dir='ltr'>tia</span> <span class='ocrx_word' id='word_1_284' title='bbox 1115 2494 1264 2560; x_wconf 89' lang='lat' dir='ltr'>dilatatus,</span> <span class='ocrx_word' id='word_1_285' title='bbox 1273 2507 1372 2548; x_wconf 89' lang='lat' dir='ltr'>amore</span> <span class='ocrx_word' id='word_1_286' title='bbox 1381 2488 1888 2558; x_wconf 86' lang='lat' dir='ltr'>coeiestisdesideriitactus,cuuctia</span> 
     </span>
     <span class='ocr_line' id='line_1_26' title="bbox 184 2576 1888 2658; baseline -0.001 -22"><span class='ocrx_word' id='word_1_287' title='bbox 184 2581 265 2637; x_wconf 83' lang='lat' dir='ltr'>fesso</span> <span class='ocrx_word' id='word_1_288' title='bbox 280 2577 386 2635; x_wconf 87' lang='lat' dir='ltr'>cotidie</span> <span class='ocrx_word' id='word_1_289' title='bbox 400 2579 587 2651; x_wconf 82' lang='lat' dir='ltr'>sequebatur.</span> <span class='ocrx_word' id='word_1_290' title='bbox 1063 2602 1128 2658; x_wconf 80' lang='lat' dir='ltr'>qne</span> <span class='ocrx_word' id='word_1_291' title='bbox 1143 2583 1286 2639; x_wconf 87' lang='lat' dir='ltr'>habuerat</span> <span class='ocrx_word' id='word_1_292' title='bbox 1300 2597 1394 2654; x_wconf 90' lang='lat' dir='ltr'>usque</span> <span class='ocrx_word' id='word_1_293' title='bbox 1410 2582 1445 2636; x_wconf 93' lang='lat' dir='ltr'>ad</span> <span class='ocrx_word' id='word_1_294' title='bbox 1466 2579 1603 2651; x_wconf 89' lang='lat' dir='ltr'>siliquam</span> <span class='ocrx_word' id='word_1_295' title='bbox 1620 2580 1652 2633; x_wconf 88' lang='lat' dir='ltr'>ut</span> <span class='ocrx_word' id='word_1_296' title='bbox 1666 2576 1775 2634; x_wconf 86' lang='lat' dir='ltr'>dicitur</span> <span class='ocrx_word' id='word_1_297' title='bbox 1789 2576 1888 2635; x_wconf 90' lang='lat' dir='ltr'>distri·</span> 
     </span>
     <span class='ocr_line' id='line_1_27' title="bbox 220 2663 1888 2743; baseline 0.002 -19"><span class='ocrx_word' id='word_1_298' title='bbox 220 2671 266 2724; x_wconf 84' lang='lat'>27.</span> <span class='ocrx_word' id='word_1_299' title='bbox 281 2668 322 2724; x_wconf 90' lang='lat' dir='ltr'>De</span> <span class='ocrx_word' id='word_1_300' title='bbox 336 2670 437 2724; x_wconf 90' lang='lat' dir='ltr'>tenore</span> <span class='ocrx_word' id='word_1_301' title='bbox 454 2668 636 2740; x_wconf 87' lang='lat' dir='ltr'>jejuniorum</span> <span class='ocrx_word' id='word_1_302' title='bbox 656 2668 749 2742; x_wconf 91' lang='lat' dir='ltr'>ipsius</span> <span class='ocrx_word' id='word_1_303' title='bbox 769 2685 806 2726; x_wconf 93' lang='lat' dir='ltr'>an</span> <span class='ocrx_word' id='word_1_304' title='bbox 826 2670 896 2742; x_wconf 91' lang='lat' dir='ltr'>quid</span> <span class='ocrx_word' id='word_1_305' title='bbox 913 2687 1009 2728; x_wconf 89' lang='lat' dir='ltr'>sermo</span> <span class='ocrx_word' id='word_1_306' title='bbox 1062 2673 1275 2739; x_wconf 88' lang='lat' dir='ltr'>butis,tautum</span> <span class='ocrx_word' id='word_1_307' title='bbox 1287 2667 1412 2741; x_wconf 89' lang='lat' dir='ltr'>simplici</span> <span class='ocrx_word' id='word_1_308' title='bbox 1421 2671 1500 2724; x_wconf 87' lang='lat' dir='ltr'>veste</span> <span class='ocrx_word' id='word_1_309' title='bbox 1511 2671 1623 2722; x_wconf 86' lang='lat' dir='ltr'>retenta</span> <span class='ocrx_word' id='word_1_310' title='bbox 1633 2668 1661 2721; x_wconf 88' lang='lat' dir='ltr'>et</span> <span class='ocrx_word' id='word_1_311' title='bbox 1670 2663 1800 2743; x_wconf 81' lang='lat' dir='ltr'>librisac</span> <span class='ocrx_word' id='word_1_312' title='bbox 1808 2670 1888 2727; x_wconf 79' lang='lat' dir='ltr'>rests</span> 
     </span>
     <span class='ocr_line' id='line_1_28' title="bbox 186 2754 1889 2831; baseline -0.001 -17"><span class='ocrx_word' id='word_1_313' title='bbox 186 2757 273 2831; x_wconf 84' lang='lat' dir='ltr'>digne</span> <span class='ocrx_word' id='word_1_314' title='bbox 300 2756 395 2812; x_wconf 88' lang='lat' dir='ltr'>valcat</span> <span class='ocrx_word' id='word_1_315' title='bbox 422 2755 576 2829; x_wconf 82' lang='lat' dir='ltr'>explicare,</span> <span class='ocrx_word' id='word_1_316' title='bbox 593 2773 714 2830; x_wconf 89' lang='lat' dir='ltr'>prorsus</span> <span class='ocrx_word' id='word_1_317' title='bbox 739 2774 797 2814; x_wconf 93' lang='lat' dir='ltr'>non</span> <span class='ocrx_word' id='word_1_318' title='bbox 822 2758 925 2815; x_wconf 89' lang='lat' dir='ltr'>sentio.</span> <span class='ocrx_word' id='word_1_319' title='bbox 942 2761 1009 2827; x_wconf 77' lang='lat' dir='ltr'>Qus</span> <span class='ocrx_word' id='word_1_320' title='bbox 1064 2757 1285 2827; x_wconf 88' lang='lat' dir='ltr'>sacerdotali,in</span> <span class='ocrx_word' id='word_1_321' title='bbox 1297 2756 1401 2815; x_wconf 89' lang='lat' dir='ltr'>cellula</span> <span class='ocrx_word' id='word_1_322' title='bbox 1411 2756 1538 2813; x_wconf 85' lang='lat' dir='ltr'>claustro</span> <span class='ocrx_word' id='word_1_323' title='bbox 1547 2754 1718 2811; x_wconf 88' lang='lat' dir='ltr'>clericorum</span> <span class='ocrx_word' id='word_1_324' title='bbox 1729 2754 1889 2814; x_wconf 71' lang='lat' dir='ltr'>adhereme</span> 
     </span>
     <span class='ocr_line' id='line_1_29' title="bbox 182 2842 1889 2922; baseline -0.001 -19"><span class='ocrx_word' id='word_1_325' title='bbox 182 2850 268 2903; x_wconf 86' lang='lat' dir='ltr'>tanta</span> <span class='ocrx_word' id='word_1_326' title='bbox 282 2842 440 2919; x_wconf 82' lang='lat' dir='ltr'>pertinatia</span> <span class='ocrx_word' id='word_1_327' title='bbox 451 2845 486 2901; x_wconf 92' lang='lat' dir='ltr'>ah</span> <span class='ocrx_word' id='word_1_328' title='bbox 498 2844 570 2918; x_wconf 90' lang='lat' dir='ltr'>ipsis</span> <span class='ocrx_word' id='word_1_329' title='bbox 580 2844 672 2903; x_wconf 89' lang='lat' dir='ltr'>initiis</span> <span class='ocrx_word' id='word_1_330' title='bbox 682 2845 738 2904; x_wconf 89' lang='lat' dir='ltr'>sibi</span> <span class='ocrx_word' id='word_1_331' title='bbox 753 2845 866 2916; x_wconf 85' lang='lat' dir='ltr'>indixit,</span> <span class='ocrx_word' id='word_1_332' title='bbox 879 2852 913 2904; x_wconf 92' lang='lat' dir='ltr'>ut</span> <span class='ocrx_word' id='word_1_333' title='bbox 923 2848 948 2905; x_wconf 91' lang='lat' dir='ltr'>si</span> <span class='ocrx_word' id='word_1_334' title='bbox 960 2848 1010 2922; x_wconf 90' lang='lat' dir='ltr'>qui</span> <span class='ocrx_word' id='word_1_335' title='bbox 1064 2866 1127 2908; x_wconf 88' lang='lat' dir='ltr'>sese</span> <span class='ocrx_word' id='word_1_336' title='bbox 1143 2847 1314 2914; x_wconf 89' lang='lat' dir='ltr'>cohibuit,et</span> <span class='ocrx_word' id='word_1_337' title='bbox 1326 2845 1485 2902; x_wconf 83' lang='lat' dir='ltr'>trienninm</span> <span class='ocrx_word' id='word_1_338' title='bbox 1500 2845 1559 2900; x_wconf 85' lang='lat' dir='ltr'>iere</span> <span class='ocrx_word' id='word_1_339' title='bbox 1575 2843 1603 2899; x_wconf 90' lang='lat' dir='ltr'>in</span> <span class='ocrx_word' id='word_1_340' title='bbox 1619 2859 1736 2900; x_wconf 79' lang='lat' dir='ltr'>sumum</span> <span class='ocrx_word' id='word_1_341' title='bbox 1751 2846 1781 2900; x_wconf 85' lang='lat' dir='ltr'>et</span> <span class='ocrx_word' id='word_1_342' title='bbox 1795 2843 1889 2902; x_wconf 86' lang='lat' dir='ltr'>ardua</span> 
     </span>
     <span class='ocr_line' id='line_1_30' title="bbox 185 2933 1889 3010; baseline -0.001 -18"><span class='ocrx_word' id='word_1_343' title='bbox 185 2935 259 2992; x_wconf 84' lang='lat' dir='ltr'>torte</span> <span class='ocrx_word' id='word_1_344' title='bbox 271 2938 355 2991; x_wconf 90' lang='lat' dir='ltr'>erant</span> <span class='ocrx_word' id='word_1_345' title='bbox 365 2948 398 2990; x_wconf 80' lang='lat' dir='ltr'>ex</span> <span class='ocrx_word' id='word_1_346' title='bbox 408 2933 464 2990; x_wconf 92' lang='lat' dir='ltr'>sibi</span> <span class='ocrx_word' id='word_1_347' title='bbox 480 2933 697 2992; x_wconf 77' lang='lat' dir='ltr'>adherentibus</span> <span class='ocrx_word' id='word_1_348' title='bbox 708 2935 758 3008; x_wconf 92' lang='lat' dir='ltr'>qui</span> <span class='ocrx_word' id='word_1_349' title='bbox 773 2936 826 2992; x_wconf 92' lang='lat' dir='ltr'>bec</span> <span class='ocrx_word' id='word_1_350' title='bbox 837 2953 1011 3010; x_wconf 81' lang='lat' dir='ltr'>cognoscere</span> <span class='ocrx_word' id='word_1_351' title='bbox 1065 2936 1244 2996; x_wconf 79' lang='lat' dir='ltr'>continentia</span> <span class='ocrx_word' id='word_1_352' title='bbox 1255 2934 1343 2991; x_wconf 90' lang='lat' dir='ltr'>vitam</span> <span class='ocrx_word' id='word_1_353' title='bbox 1359 2950 1534 3007; x_wconf 71' lang='lat' dir='ltr'>egenarum</span> <span class='ocrx_word' id='word_1_354' title='bbox 1550 2948 1676 3006; x_wconf 90' lang='lat' dir='ltr'>usquam</span> <span class='ocrx_word' id='word_1_355' title='bbox 1692 2936 1889 3006; x_wconf 77' lang='lat' dir='ltr'>preterquam</span> 
     </span>
     <span class='ocr_line' id='line_1_31' title="bbox 185 3020 1892 3098; baseline 0 -19"><span class='ocrx_word' id='word_1_356' title='bbox 185 3027 328 3097; x_wconf 89' lang='lat' dir='ltr'>poteraut,</span> <span class='ocrx_word' id='word_1_357' title='bbox 345 3022 488 3079; x_wconf 83' lang='lat' dir='ltr'>miraculo</span> <span class='ocrx_word' id='word_1_358' title='bbox 502 3028 656 3095; x_wconf 82' lang='lat' dir='ltr'>stuperent</span> <span class='ocrx_word' id='word_1_359' title='bbox 671 3023 792 3097; x_wconf 89' lang='lat' dir='ltr'>ingenti,</span> <span class='ocrx_word' id='word_1_360' title='bbox 809 3020 1009 3098; x_wconf 85' lang='lat' dir='ltr'>quomodo&#39;vel</span> <span class='ocrx_word' id='word_1_361' title='bbox 1064 3029 1100 3084; x_wconf 92' lang='lat' dir='ltr'>ad</span> <span class='ocrx_word' id='word_1_362' title='bbox 1112 3024 1382 3084; x_wconf 79' lang='lat' dir='ltr'>ecclcsiam&#39;mlssas</span> <span class='ocrx_word' id='word_1_363' title='bbox 1393 3021 1591 3079; x_wconf 85' lang='lat' dir='ltr'>celebraturus</span> <span class='ocrx_word' id='word_1_364' title='bbox 1603 3025 1653 3078; x_wconf 92' lang='lat' dir='ltr'>aut</span> <span class='ocrx_word' id='word_1_365' title='bbox 1668 3024 1820 3079; x_wconf 81' lang='lat' dir='ltr'>nocturne</span> <span class='ocrx_word' id='word_1_366' title='bbox 1829 3038 1892 3079; x_wconf 83' lang='lat' dir='ltr'>ora·</span> 
     </span>
     <span class='ocr_line' id='line_1_32' title="bbox 186 3108 1893 3185; baseline 0.001 -17"><span class='ocrx_word' id='word_1_367' title='bbox 186 3116 314 3169; x_wconf 80' lang='lat' dir='ltr'>extremo</span> <span class='ocrx_word' id='word_1_368' title='bbox 330 3110 436 3183; x_wconf 91' lang='lat' dir='ltr'>spiritu</span> <span class='ocrx_word' id='word_1_369' title='bbox 458 3111 603 3184; x_wconf 88' lang='lat' dir='ltr'>respirare</span> <span class='ocrx_word' id='word_1_370' title='bbox 619 3113 663 3147; x_wconf 74' lang='lat'>¹⁵⁸³</span> <span class='ocrx_word' id='word_1_371' title='bbox 679 3113 709 3168; x_wconf 89' lang='lat' dir='ltr'>in</span> <span class='ocrx_word' id='word_1_372' title='bbox 733 3116 817 3170; x_wconf 90' lang='lat' dir='ltr'>tanta</span> <span class='ocrx_word' id='word_1_373' title='bbox 840 3116 1011 3172; x_wconf 86' lang='lat' dir='ltr'>austeritate</span> <span class='ocrx_word' id='word_1_374' title='bbox 1065 3115 1154 3172; x_wconf 90' lang='lat' dir='ltr'>tionis</span> <span class='ocrx_word' id='word_1_375' title='bbox 1169 3108 1288 3171; x_wconf 88' lang='lat' dir='ltr'>obtentu</span> <span class='ocrx_word' id='word_1_376' title='bbox 1306 3110 1456 3185; x_wconf 84' lang='lat' dir='ltr'>processit</span> <span class='ocrx_word' id='word_1_377' title='bbox 1475 3110 1595 3168; x_wconf 87' lang='lat' dir='ltr'>Servulo</span> <span class='ocrx_word' id='word_1_378' title='bbox 1615 3113 1733 3167; x_wconf 89' lang='lat' dir='ltr'>tantum</span> <span class='ocrx_word' id='word_1_379' title='bbox 1747 3126 1808 3167; x_wconf 91' lang='lat' dir='ltr'>uuo</span> <span class='ocrx_word' id='word_1_380' title='bbox 1822 3126 1893 3169; x_wconf 89' lang='lat' dir='ltr'>cou-</span> 
     </span>
     <span class='ocr_line' id='line_1_33' title="bbox 187 3176 1894 3274; baseline -0.002 -17"><span class='ocrx_word' id='word_1_381' title='bbox 187 3200 344 3268; x_wconf 81' lang='lat' dir='ltr'>suillcoret,</span> <span class='ocrx_word' id='word_1_382' title='bbox 362 3198 412 3271; x_wconf 89' lang='lat' dir='ltr'>qui</span> <span class='ocrx_word' id='word_1_383' title='bbox 438 3199 539 3271; x_wconf 88' lang='lat' dir='ltr'>pocius</span> <span class='ocrx_word' id='word_1_384' title='bbox 555 3200 585 3254; x_wconf 94' lang='lat' dir='ltr'>in</span> <span class='ocrx_word' id='word_1_385' title='bbox 601 3205 794 3272; x_wconf 79' lang='lat' dir='ltr'>augmentum</span> <span class='ocrx_word' id='word_1_386' title='bbox 810 3176 1052 3260; x_wconf 59' lang='lat' dir='ltr'>admirationes}</span> <span class='ocrx_word' id='word_1_387' title='bbox 1065 3207 1166 3261; x_wconf 90' lang='lat' dir='ltr'>tentus</span> <span class='ocrx_word' id='word_1_388' title='bbox 1180 3201 1245 3270; x_wconf 91' lang='lat' dir='ltr'>init,</span> <span class='ocrx_word' id='word_1_389' title='bbox 1263 3201 1313 3274; x_wconf 93' lang='lat' dir='ltr'>qui</span> <span class='ocrx_word' id='word_1_390' title='bbox 1339 3200 1374 3256; x_wconf 93' lang='lat' dir='ltr'>ad</span> <span class='ocrx_word' id='word_1_391' title='bbox 1400 3216 1515 3272; x_wconf 89' lang='lat' dir='ltr'>queque</span> <span class='ocrx_word' id='word_1_392' title='bbox 1541 3198 1703 3255; x_wconf 72' lang='lat' dir='ltr'>lodusecus</span> <span class='ocrx_word' id='word_1_393' title='bbox 1727 3196 1894 3255; x_wconf 81' lang='lat' dir='ltr'>neccssaria</span> 
     </span>
     <span class='ocr_line' id='line_1_34' title="bbox 186 3279 1893 3365; baseline -0.001 -20"><span class='ocrx_word' id='word_1_394' title='bbox 186 3291 347 3362; x_wconf 87' lang='lat' dir='ltr'>postquam</span> <span class='ocrx_word' id='word_1_395' title='bbox 364 3279 442 3343; x_wconf 88' lang='lat' dir='ltr'>diem</span> <span class='ocrx_word' id='word_1_396' title='bbox 453 3289 505 3343; x_wconf 90' lang='lat' dir='ltr'>aut</span> <span class='ocrx_word' id='word_1_397' title='bbox 519 3287 606 3344; x_wconf 72' lang='lat' dir='ltr'>edam</span> <span class='ocrx_word' id='word_1_398' title='bbox 622 3287 746 3345; x_wconf 88' lang='lat' dir='ltr'>biduum</span> <span class='ocrx_word' id='word_1_399' title='bbox 761 3290 934 3365; x_wconf 89' lang='lat' dir='ltr'>plerumque</span> <span class='ocrx_word' id='word_1_400' title='bbox 950 3291 1014 3348; x_wconf 90' lang='lat' dir='ltr'>sinc</span> <span class='ocrx_word' id='word_1_401' title='bbox 1067 3291 1248 3349; x_wconf 86' lang='lat' dir='ltr'>mittebatur.</span> <span class='ocrx_word' id='word_1_402' title='bbox 1262 3290 1334 3345; x_wconf 89' lang='lat' dir='ltr'>Nam</span> <span class='ocrx_word' id='word_1_403' title='bbox 1346 3288 1403 3345; x_wconf 89' lang='lat' dir='ltr'>nisi</span> <span class='ocrx_word' id='word_1_404' title='bbox 1414 3305 1478 3362; x_wconf 83' lang='lat' dir='ltr'>que</span> <span class='ocrx_word' id='word_1_405' title='bbox 1488 3285 1893 3362; x_wconf 83' lang='lat' dir='ltr'>episcopuslocivirucuera·</span> 
     </span>
     <span class='ocr_line' id='line_1_35' title="bbox 186 3375 1895 3455; baseline -0.001 -21"><span class='ocrx_word' id='word_1_406' title='bbox 186 3375 247 3434; x_wconf 93' lang='lat' dir='ltr'>uilo</span> <span class='ocrx_word' id='word_1_407' title='bbox 262 3375 327 3432; x_wconf 89' lang='lat' dir='ltr'>cibe</span> <span class='ocrx_word' id='word_1_408' title='bbox 344 3391 378 3455; x_wconf 85' lang='lat' dir='ltr'>ac</span> <span class='ocrx_word' id='word_1_409' title='bbox 394 3379 475 3449; x_wconf 88' lang='lat' dir='ltr'>potu,</span> <span class='ocrx_word' id='word_1_410' title='bbox 494 3382 526 3432; x_wconf 90' lang='lat' dir='ltr'>ut</span> <span class='ocrx_word' id='word_1_411' title='bbox 542 3393 595 3434; x_wconf 89' lang='lat' dir='ltr'>nec</span> <span class='ocrx_word' id='word_1_412' title='bbox 615 3377 763 3434; x_wconf 88' lang='lat' dir='ltr'>modicum</span> <span class='ocrx_word' id='word_1_413' title='bbox 779 3379 849 3451; x_wconf 91' lang='lat' dir='ltr'>quid</span> <span class='ocrx_word' id='word_1_414' title='bbox 870 3384 1012 3454; x_wconf 85' lang='lat' dir='ltr'>gustaret,</span> <span class='ocrx_word' id='word_1_415' title='bbox 1068 3381 1136 3439; x_wconf 90' lang='lat' dir='ltr'>bilis</span> <span class='ocrx_word' id='word_1_416' title='bbox 1152 3378 1320 3446; x_wconf 83' lang='lat' dir='ltr'>Gauziinus,</span> <span class='ocrx_word' id='word_1_417' title='bbox 1335 3377 1365 3433; x_wconf 93' lang='lat' dir='ltr'>in</span> <span class='ocrx_word' id='word_1_418' title='bbox 1378 3376 1585 3434; x_wconf 82' lang='lat' dir='ltr'>misericordia</span> <span class='ocrx_word' id='word_1_419' title='bbox 1600 3376 1738 3449; x_wconf 91' lang='lat' dir='ltr'>operibus</span> <span class='ocrx_word' id='word_1_420' title='bbox 1754 3392 1895 3433; x_wconf 75' lang='lat' dir='ltr'>masme-</span> 
     </span>
     <span class='ocr_line' id='line_1_36' title="bbox 186 3463 1893 3541; baseline -0.001 -19"><span class='ocrx_word' id='word_1_421' title='bbox 186 3467 378 3538; x_wconf 86' lang='lat' dir='ltr'>transegerat,</span> <span class='ocrx_word' id='word_1_422' title='bbox 395 3463 561 3521; x_wconf 85' lang='lat' dir='ltr'>incredibili</span> <span class='ocrx_word' id='word_1_423' title='bbox 585 3465 689 3522; x_wconf 74' lang='lat' dir='ltr'>vinum</span> <span class='ocrx_word' id='word_1_424' title='bbox 715 3466 880 3541; x_wconf 90' lang='lat' dir='ltr'>integritate</span> <span class='ocrx_word' id='word_1_425' title='bbox 895 3473 924 3525; x_wconf 89' lang='lat' dir='ltr'>et</span> <span class='ocrx_word' id='word_1_426' title='bbox 942 3469 1015 3526; x_wconf 85' lang='lat' dir='ltr'>iacis</span> <span class='ocrx_word' id='word_1_427' title='bbox 1068 3466 1229 3537; x_wconf 86' lang='lat' dir='ltr'>morabilis,</span> <span class='ocrx_word' id='word_1_428' title='bbox 1248 3473 1298 3523; x_wconf 87' lang='lat' dir='ltr'>aut</span> <span class='ocrx_word' id='word_1_429' title='bbox 1316 3465 1519 3538; x_wconf 88' lang='lat' dir='ltr'>religiosorum</span> <span class='ocrx_word' id='word_1_430' title='bbox 1535 3465 1715 3538; x_wconf 85' lang='lat' dir='ltr'>quicumque</span> <span class='ocrx_word' id='word_1_431' title='bbox 1729 3463 1893 3533; x_wconf 80' lang='lat' dir='ltr'>misissent,</span> 
     </span>
     <span class='ocr_line' id='line_1_37' title="bbox 187 3552 1897 3631; baseline 0 -21"><span class='ocrx_word' id='word_1_432' title='bbox 187 3552 291 3610; x_wconf 80' lang='lat' dir='ltr'>latiori</span> <span class='ocrx_word' id='word_1_433' title='bbox 307 3552 392 3626; x_wconf 89' lang='lat' dir='ltr'>agilis</span> <span class='ocrx_word' id='word_1_434' title='bbox 401 3557 430 3609; x_wconf 90' lang='lat' dir='ltr'>et</span> <span class='ocrx_word' id='word_1_435' title='bbox 440 3558 579 3610; x_wconf 88' lang='lat' dir='ltr'>constans</span> <span class='ocrx_word' id='word_1_436' title='bbox 590 3555 624 3610; x_wconf 91' lang='lat' dir='ltr'>ad</span> <span class='ocrx_word' id='word_1_437' title='bbox 637 3573 711 3629; x_wconf 89' lang='lat' dir='ltr'>opus</span> <span class='ocrx_word' id='word_1_438' title='bbox 723 3557 928 3631; x_wconf 90' lang='lat' dir='ltr'>quodcumque</span> <span class='ocrx_word' id='word_1_439' title='bbox 938 3559 1016 3614; x_wconf 90' lang='lat' dir='ltr'>ince-</span> <span class='ocrx_word' id='word_1_440' title='bbox 1066 3557 1158 3616; x_wconf 75' lang='lat' dir='ltr'>&#39;nullis</span> <span class='ocrx_word' id='word_1_441' title='bbox 1172 3556 1238 3613; x_wconf 91' lang='lat' dir='ltr'>aliis</span> <span class='ocrx_word' id='word_1_442' title='bbox 1248 3554 1479 3613; x_wconf 85' lang='lat' dir='ltr'>sustentabatur.</span> <span class='ocrx_word' id='word_1_443' title='bbox 1491 3553 1654 3611; x_wconf 75' lang='lat' dir='ltr'>clientulus</span> <span class='ocrx_word' id='word_1_444' title='bbox 1668 3570 1785 3629; x_wconf 90' lang='lat' dir='ltr'>quoque</span> <span class='ocrx_word' id='word_1_445' title='bbox 1795 3570 1831 3611; x_wconf 85' lang='lat' dir='ltr'>ex</span> <span class='ocrx_word' id='word_1_446' title='bbox 1840 3552 1897 3610; x_wconf 88' lang='lat' dir='ltr'>cle·</span> 
     </span>
     <span class='ocr_line' id='line_1_38' title="bbox 187 3641 1895 3717; baseline 0 -19"><span class='ocrx_word' id='word_1_447' title='bbox 187 3644 278 3699; x_wconf 88' lang='lat' dir='ltr'>deret.</span> <span class='ocrx_word' id='word_1_448' title='bbox 294 3641 325 3698; x_wconf 92' lang='lat' dir='ltr'>id</span> <span class='ocrx_word' id='word_1_449' title='bbox 337 3657 403 3698; x_wconf 89' lang='lat' dir='ltr'>vcro</span> <span class='ocrx_word' id='word_1_450' title='bbox 419 3641 517 3715; x_wconf 89' lang='lat' dir='ltr'>ipsum</span> <span class='ocrx_word' id='word_1_451' title='bbox 528 3659 563 3699; x_wconf 88' lang='lat' dir='ltr'>ex</span> <span class='ocrx_word' id='word_1_452' title='bbox 578 3659 627 3700; x_wconf 90' lang='lat' dir='ltr'>cre</span> <span class='ocrx_word' id='word_1_453' title='bbox 641 3642 737 3717; x_wconf 90' lang='lat' dir='ltr'>ipsius</span> <span class='ocrx_word' id='word_1_454' title='bbox 751 3644 905 3702; x_wconf 89' lang='lat' dir='ltr'>nobiscum</span> <span class='ocrx_word' id='word_1_455' title='bbox 919 3647 1016 3703; x_wconf 87' lang='lat' dir='ltr'>conia·</span> <span class='ocrx_word' id='word_1_456' title='bbox 1069 3647 1138 3704; x_wconf 89' lang='lat' dir='ltr'>ricis</span> <span class='ocrx_word' id='word_1_457' title='bbox 1154 3662 1241 3714; x_wconf 87' lang='lat' dir='ltr'>unus,</span> <span class='ocrx_word' id='word_1_458' title='bbox 1259 3643 1309 3717; x_wconf 92' lang='lat' dir='ltr'>qui</span> <span class='ocrx_word' id='word_1_459' title='bbox 1332 3643 1439 3700; x_wconf 88' lang='lat' dir='ltr'>missas</span> <span class='ocrx_word' id='word_1_460' title='bbox 1456 3641 1614 3699; x_wconf 88' lang='lat' dir='ltr'>celebranti</span> <span class='ocrx_word' id='word_1_461' title='bbox 1633 3641 1795 3711; x_wconf 86' lang='lat' dir='ltr'>assisteret,</span> <span class='ocrx_word' id='word_1_462' title='bbox 1811 3642 1895 3699; x_wconf 86' lang='lat' dir='ltr'>dere-</span> 
     </span>
     <span class='ocr_line' id='line_1_39' title="bbox 189 3728 1898 3806; baseline 0 -19"><span class='ocrx_word' id='word_1_463' title='bbox 189 3729 319 3788; x_wconf 89' lang='lat' dir='ltr'>balantis</span> <span class='ocrx_word' id='word_1_464' title='bbox 335 3746 403 3804; x_wconf 90' lang='lat' dir='ltr'>sepe</span> <span class='ocrx_word' id='word_1_465' title='bbox 414 3728 592 3800; x_wconf 78' lang='lat' dir='ltr'>audivimus,</span> <span class='ocrx_word' id='word_1_466' title='bbox 601 3732 679 3804; x_wconf 90' lang='lat' dir='ltr'>quod</span> <span class='ocrx_word' id='word_1_467' title='bbox 692 3731 723 3788; x_wconf 89' lang='lat' dir='ltr'>in</span> <span class='ocrx_word' id='word_1_468' title='bbox 735 3731 812 3789; x_wconf 89' lang='lat' dir='ltr'>diem</span> <span class='ocrx_word' id='word_1_469' title='bbox 823 3734 947 3790; x_wconf 88' lang='lat' dir='ltr'>aiterum</span> <span class='ocrx_word' id='word_1_470' title='bbox 959 3735 1015 3792; x_wconf 82' lang='lat' dir='ltr'>tre·</span> <span class='ocrx_word' id='word_1_471' title='bbox 1069 3737 1166 3793; x_wconf 87' lang='lat' dir='ltr'>lictus.</span> <span class='ocrx_word' id='word_1_472' title='bbox 1181 3735 1222 3791; x_wconf 85' lang='lat' dir='ltr'>De</span> <span class='ocrx_word' id='word_1_473' title='bbox 1237 3733 1378 3806; x_wconf 88' lang='lat' dir='ltr'>qualitate</span> <span class='ocrx_word' id='word_1_474' title='bbox 1391 3730 1568 3799; x_wconf 85' lang='lat' dir='ltr'>indumenti,</span> <span class='ocrx_word' id='word_1_475' title='bbox 1581 3731 1649 3800; x_wconf 90' lang='lat' dir='ltr'>cibi,</span> <span class='ocrx_word' id='word_1_476' title='bbox 1661 3729 1705 3787; x_wconf 83' lang='lat' dir='ltr'>vei</span> <span class='ocrx_word' id='word_1_477' title='bbox 1721 3735 1820 3804; x_wconf 87' lang='lat' dir='ltr'>potus,</span> <span class='ocrx_word' id='word_1_478' title='bbox 1837 3746 1898 3804; x_wconf 87' lang='lat' dir='ltr'>qua</span> 
     </span>
     <span class='ocr_line' id='line_1_40' title="bbox 189 3817 1898 3894; baseline -0.001 -17"><span class='ocrx_word' id='word_1_479' title='bbox 189 3818 403 3894; x_wconf 87' lang='lat' dir='ltr'>quentcrcmni</span> <span class='ocrx_word' id='word_1_480' title='bbox 413 3819 526 3876; x_wconf 88' lang='lat' dir='ltr'>olbovel</span> <span class='ocrx_word' id='word_1_481' title='bbox 537 3824 607 3893; x_wconf 89' lang='lat' dir='ltr'>potu</span> <span class='ocrx_word' id='word_1_482' title='bbox 617 3836 720 3878; x_wconf 89' lang='lat' dir='ltr'>carens</span> <span class='ocrx_word' id='word_1_483' title='bbox 726 3822 1014 3894; x_wconf 74' lang='lat' dir='ltr'>Jejuuiaextraacrit.</span> <span class='ocrx_word' id='word_1_484' title='bbox 1070 3824 1156 3883; x_wconf 90' lang='lat' dir='ltr'>cilicii</span> <span class='ocrx_word' id='word_1_485' title='bbox 1170 3821 1352 3887; x_wconf 89' lang='lat' dir='ltr'>assiduitate,</span> <span class='ocrx_word' id='word_1_486' title='bbox 1363 3819 1545 3893; x_wconf 86' lang='lat' dir='ltr'>jejuniorum</span> <span class='ocrx_word' id='word_1_487' title='bbox 1561 3819 1806 3894; x_wconf 84' lang='lat' dir='ltr'>frequentatione,</span> <span class='ocrx_word' id='word_1_488' title='bbox 1816 3817 1898 3894; x_wconf 87' lang='lat' dir='ltr'>peni·</span> 
     </span>
     <span class='ocr_line' id='line_1_41' title="bbox 190 3906 1898 3984; baseline -0.001 -17"><span class='ocrx_word' id='word_1_489' title='bbox 190 3910 349 3967; x_wconf 76' lang='lat' dir='ltr'>Fatebatur</span> <span class='ocrx_word' id='word_1_490' title='bbox 363 3906 535 3978; x_wconf 87' lang='lat' dir='ltr'>enim,dum</span> <span class='ocrx_word' id='word_1_491' title='bbox 551 3909 671 3982; x_wconf 90' lang='lat' dir='ltr'>quidam</span> <span class='ocrx_word' id='word_1_492' title='bbox 688 3908 812 3966; x_wconf 74' lang='lat' dir='ltr'>fratrum</span> <span class='ocrx_word' id='word_1_493' title='bbox 828 3913 904 3967; x_wconf 91' lang='lat' dir='ltr'>dura</span> <span class='ocrx_word' id='word_1_494' title='bbox 918 3911 1017 3984; x_wconf 87' lang='lat' dir='ltr'>aliqua</span> <span class='ocrx_word' id='word_1_495' title='bbox 1069 3913 1166 3971; x_wconf 81' lang='lat' dir='ltr'>tentia</span> <span class='ocrx_word' id='word_1_496' title='bbox 1192 3909 1362 3969; x_wconf 68' lang='lat' dir='ltr'>altamritate</span> <span class='ocrx_word' id='word_1_497' title='bbox 1385 3925 1448 3965; x_wconf 88' lang='lat' dir='ltr'>sese</span> <span class='ocrx_word' id='word_1_498' title='bbox 1463 3907 1622 3977; x_wconf 87' lang='lat' dir='ltr'>damnavit,</span> <span class='ocrx_word' id='word_1_499' title='bbox 1637 3907 1807 3982; x_wconf 80' lang='lat' dir='ltr'>supernans</span> <span class='ocrx_word' id='word_1_500' title='bbox 1831 3921 1898 3965; x_wconf 85' lang='lat' dir='ltr'>esse</span> 
     </span>
     <span class='ocr_line' id='line_1_42' title="bbox 190 3996 1899 4072; baseline -0.002 -16"><span class='ocrx_word' id='word_1_501' title='bbox 190 3996 399 4072; x_wconf 81' lang='lat' dir='ltr'>refugientium</span> <span class='ocrx_word' id='word_1_502' title='bbox 423 4010 531 4070; x_wconf 87' lang='lat' dir='ltr'>aquam</span> <span class='ocrx_word' id='word_1_503' title='bbox 542 3997 577 4052; x_wconf 89' lang='lat' dir='ltr'>in</span> <span class='ocrx_word' id='word_1_504' title='bbox 593 4003 663 4071; x_wconf 90' lang='lat' dir='ltr'>potu</span> <span class='ocrx_word' id='word_1_505' title='bbox 688 3998 764 4055; x_wconf 89' lang='lat' dir='ltr'>maie</span> <span class='ocrx_word' id='word_1_506' title='bbox 785 3998 840 4056; x_wconf 90' lang='lat' dir='ltr'>sibi</span> <span class='ocrx_word' id='word_1_507' title='bbox 856 4001 1017 4058; x_wconf 87' lang='lat' dir='ltr'>conducere</span> <span class='ocrx_word' id='word_1_508' title='bbox 1069 4001 1213 4059; x_wconf 67' lang='lat' dir='ltr'>vermeria</span> <span class='ocrx_word' id='word_1_509' title='bbox 1230 4000 1361 4068; x_wconf 90' lang='lat' dir='ltr'>dicendo,</span> <span class='ocrx_word' id='word_1_510' title='bbox 1373 4014 1440 4054; x_wconf 93' lang='lat' dir='ltr'>cum</span> <span class='ocrx_word' id='word_1_511' title='bbox 1452 3998 1539 4054; x_wconf 86' lang='lat' dir='ltr'>etiarn</span> <span class='ocrx_word' id='word_1_512' title='bbox 1551 3996 1665 4071; x_wconf 90' lang='lat' dir='ltr'>copiam</span> <span class='ocrx_word' id='word_1_513' title='bbox 1676 4010 1899 4071; x_wconf 82' lang='lat' dir='ltr'>quamcumque</span> 
     </span>
     <span class='ocr_line' id='line_1_43' title="bbox 190 4082 1860 4162; baseline -0.001 -19"><span class='ocrx_word' id='word_1_514' title='bbox 190 4091 392 4160; x_wconf 86' lang='lat' dir='ltr'>quererentur,</span> <span class='ocrx_word' id='word_1_515' title='bbox 407 4085 518 4142; x_wconf 90' lang='lat' dir='ltr'>nomini</span> <span class='ocrx_word' id='word_1_516' title='bbox 534 4101 615 4159; x_wconf 89' lang='lat' dir='ltr'>acque</span> <span class='ocrx_word' id='word_1_517' title='bbox 630 4102 663 4143; x_wconf 89' lang='lat' dir='ltr'>ac</span> <span class='ocrx_word' id='word_1_518' title='bbox 680 4086 735 4143; x_wconf 87' lang='lat' dir='ltr'>sibi</span> <span class='ocrx_word' id='word_1_519' title='bbox 753 4088 836 4162; x_wconf 89' lang='lat' dir='ltr'>prius</span> <span class='ocrx_word' id='word_1_520' title='bbox 850 4105 909 4161; x_wconf 84' lang='lat' dir='ltr'>pre</span> <span class='ocrx_word' id='word_1_521' title='bbox 925 4090 1016 4146; x_wconf 90' lang='lat' dir='ltr'>conti·</span> <span class='ocrx_word' id='word_1_522' title='bbox 1070 4092 1224 4148; x_wconf 89' lang='lat' dir='ltr'>verborum</span> <span class='ocrx_word' id='word_1_523' title='bbox 1240 4086 1417 4161; x_wconf 88' lang='lat' dir='ltr'>operationis</span> <span class='ocrx_word' id='word_1_524' title='bbox 1433 4086 1526 4160; x_wconf 87' lang='lat' dir='ltr'>ipsius</span> <span class='ocrx_word' id='word_1_525' title='bbox 1541 4089 1660 4160; x_wconf 89' lang='lat' dir='ltr'>superet</span> <span class='ocrx_word' id='word_1_526' title='bbox 1672 4082 1860 4160; x_wconf 84' lang='lat' dir='ltr'>magnitudo.</span> 
     </span>
     <span class='ocr_line' id='line_1_44' title="bbox 190 4170 1897 4248; baseline 0 -18"><span class='ocrx_word' id='word_1_527' title='bbox 190 4190 249 4231; x_wconf 92' lang='lat' dir='ltr'>nuo</span> <span class='ocrx_word' id='word_1_528' title='bbox 265 4188 322 4230; x_wconf 90' lang='lat' dir='ltr'>usu</span> <span class='ocrx_word' id='word_1_529' title='bbox 337 4173 408 4241; x_wconf 89' lang='lat' dir='ltr'>viui,</span> <span class='ocrx_word' id='word_1_530' title='bbox 424 4190 506 4246; x_wconf 80' lang='lat' dir='ltr'>aquas</span> <span class='ocrx_word' id='word_1_531' title='bbox 527 4175 741 4248; x_wconf 86' lang='lat' dir='ltr'>perceptionem</span> <span class='ocrx_word' id='word_1_532' title='bbox 757 4193 874 4234; x_wconf 85' lang='lat' dir='ltr'>exosam</span> <span class='ocrx_word' id='word_1_533' title='bbox 900 4176 990 4235; x_wconf 86' lang='lat' dir='ltr'>luisse</span> <span class='ocrx_word' id='word_1_534' title='bbox 1007 4188 1013 4228; x_wconf 80' lang='lat'>2</span> <span class='ocrx_word' id='word_1_535' title='bbox 1107 4180 1151 4236; x_wconf 82' lang='lat'>30.</span> <span class='ocrx_word' id='word_1_536' title='bbox 1162 4177 1214 4234; x_wconf 87' lang='lat' dir='ltr'>iiic</span> <span class='ocrx_word' id='word_1_537' title='bbox 1224 4180 1295 4233; x_wconf 89' lang='lat' dir='ltr'>dum</span> <span class='ocrx_word' id='word_1_538' title='bbox 1305 4175 1487 4248; x_wconf 89' lang='lat' dir='ltr'>diequadam</span> <span class='ocrx_word' id='word_1_539' title='bbox 1499 4173 1580 4231; x_wconf 87' lang='lat' dir='ltr'>solus</span> <span class='ocrx_word' id='word_1_540' title='bbox 1589 4171 1770 4231; x_wconf 84' lang='lat' dir='ltr'>resideretis</span> <span class='ocrx_word' id='word_1_541' title='bbox 1779 4170 1897 4241; x_wconf 82' lang='lat' dir='ltr'>cellula,</span> 
     </span>
     <span class='ocr_line' id='line_1_45' title="bbox 194 4258 1897 4338; baseline 0.003 -24"><span class='ocrx_word' id='word_1_542' title='bbox 194 4285 208 4314; x_wconf 73' lang='lat' dir='ltr'>a</span> <span class='ocrx_word' id='word_1_543' title='bbox 221 4262 304 4329; x_wconf 90' lang='lat' dir='ltr'>adeo,</span> <span class='ocrx_word' id='word_1_544' title='bbox 316 4261 462 4334; x_wconf 88' lang='lat' dir='ltr'>inquiens,</span> <span class='ocrx_word' id='word_1_545' title='bbox 474 4265 507 4318; x_wconf 91' lang='lat' dir='ltr'>ut</span> <span class='ocrx_word' id='word_1_546' title='bbox 521 4261 547 4318; x_wconf 91' lang='lat' dir='ltr'>si</span> <span class='ocrx_word' id='word_1_547' title='bbox 562 4276 621 4334; x_wconf 87' lang='lat' dir='ltr'>qua</span> <span class='ocrx_word' id='word_1_548' title='bbox 632 4263 745 4321; x_wconf 88' lang='lat' dir='ltr'>dicrum</span> <span class='ocrx_word' id='word_1_549' title='bbox 759 4264 833 4321; x_wconf 91' lang='lat' dir='ltr'>mibi</span> <span class='ocrx_word' id='word_1_550' title='bbox 847 4267 914 4322; x_wconf 88' lang='lat' dir='ltr'>vinc</span> <span class='ocrx_word' id='word_1_551' title='bbox 925 4266 1019 4323; x_wconf 88' lang='lat' dir='ltr'>luerat</span> <span class='ocrx_word' id='word_1_552' title='bbox 1071 4282 1171 4326; x_wconf 86' lang='lat' dir='ltr'>vocem</span> <span class='ocrx_word' id='word_1_553' title='bbox 1187 4267 1222 4322; x_wconf 87' lang='lat' dir='ltr'>de</span> <span class='ocrx_word' id='word_1_554' title='bbox 1238 4269 1366 4338; x_wconf 88' lang='lat' dir='ltr'>repente,</span> <span class='ocrx_word' id='word_1_555' title='bbox 1380 4263 1458 4320; x_wconf 88' lang='lat' dir='ltr'>unde</span> <span class='ocrx_word' id='word_1_556' title='bbox 1472 4266 1523 4320; x_wconf 91' lang='lat' dir='ltr'>aut</span> <span class='ocrx_word' id='word_1_557' title='bbox 1537 4279 1555 4320; x_wconf 91' lang='lat' dir='ltr'>a</span> <span class='ocrx_word' id='word_1_558' title='bbox 1570 4279 1628 4336; x_wconf 92' lang='lat' dir='ltr'>quc</span> <span class='ocrx_word' id='word_1_559' title='bbox 1642 4260 1752 4319; x_wconf 87' lang='lat' dir='ltr'>editam</span> <span class='ocrx_word' id='word_1_560' title='bbox 1768 4258 1897 4329; x_wconf 82' lang='lat' dir='ltr'>nescius,</span> 
     </span>
     <span class='ocr_line' id='line_1_46' title="bbox 192 4349 1898 4428; baseline 0 -20"><span class='ocrx_word' id='word_1_561' title='bbox 192 4350 411 4417; x_wconf 86' lang='lat' dir='ltr'>abstinendum,</span> <span class='ocrx_word' id='word_1_562' title='bbox 429 4366 535 4423; x_wconf 89' lang='lat' dir='ltr'>aquam</span> <span class='ocrx_word' id='word_1_563' title='bbox 556 4351 708 4409; x_wconf 87' lang='lat' dir='ltr'>stomacho</span> <span class='ocrx_word' id='word_1_564' title='bbox 732 4353 896 4423; x_wconf 87' lang='lat' dir='ltr'>nausiante,</span> <span class='ocrx_word' id='word_1_565' title='bbox 912 4370 1018 4428; x_wconf 87' lang='lat' dir='ltr'>panem</span> <span class='ocrx_word' id='word_1_566' title='bbox 1073 4358 1150 4415; x_wconf 89' lang='lat' dir='ltr'>clarc</span> <span class='ocrx_word' id='word_1_567' title='bbox 1165 4351 1343 4412; x_wconf 89' lang='lat' dir='ltr'>omnimodis</span> <span class='ocrx_word' id='word_1_568' title='bbox 1363 4367 1434 4410; x_wconf 90' lang='lat' dir='ltr'>sono</span> <span class='ocrx_word' id='word_1_569' title='bbox 1449 4351 1504 4409; x_wconf 87' lang='lat' dir='ltr'>boc</span> <span class='ocrx_word' id='word_1_570' title='bbox 1520 4349 1630 4409; x_wconf 90' lang='lat' dir='ltr'>audivit</span> <span class='ocrx_word' id='word_1_571' title='bbox 1644 4350 1790 4407; x_wconf 83' lang='lat' dir='ltr'>dicentem</span> <span class='ocrx_word' id='word_1_572' title='bbox 1807 4364 1816 4406; x_wconf 81' lang='lat' dir='ltr'>t</span> <span class='ocrx_word' id='word_1_573' title='bbox 1831 4350 1898 4408; x_wconf 74' lang='lat' dir='ltr'>aaa·</span> 
     </span>
     <span class='ocr_line' id='line_1_47' title="bbox 191 4438 1899 4516; baseline -0.001 -18"><span class='ocrx_word' id='word_1_574' title='bbox 191 4439 280 4498; x_wconf 88' lang='lat' dir='ltr'>etiam</span> <span class='ocrx_word' id='word_1_575' title='bbox 297 4438 395 4512; x_wconf 89' lang='lat' dir='ltr'>ipsum</span> <span class='ocrx_word' id='word_1_576' title='bbox 412 4455 464 4513; x_wconf 86' lang='lat' dir='ltr'>per</span> <span class='ocrx_word' id='word_1_577' title='bbox 477 4444 569 4496; x_wconf 88' lang='lat' dir='ltr'>totam</span> <span class='ocrx_word' id='word_1_578' title='bbox 582 4440 660 4498; x_wconf 89' lang='lat' dir='ltr'>diem</span> <span class='ocrx_word' id='word_1_579' title='bbox 676 4441 907 4500; x_wconf 88' lang='lat' dir='ltr'>cumomniciho</span> <span class='ocrx_word' id='word_1_580' title='bbox 920 4444 1017 4500; x_wconf 84' lang='lat' dir='ltr'>tundi·</span> <span class='ocrx_word' id='word_1_581' title='bbox 1073 4448 1167 4506; x_wconf 73' lang='lat' dir='ltr'>sctum</span> <span class='ocrx_word' id='word_1_582' title='bbox 1190 4452 1215 4500; x_wconf 83' lang='lat' dir='ltr'>te</span> <span class='ocrx_word' id='word_1_583' title='bbox 1237 4458 1320 4516; x_wconf 81' lang='lat' dir='ltr'>super</span> <span class='ocrx_word' id='word_1_584' title='bbox 1343 4441 1501 4498; x_wconf 67' lang='lat' dir='ltr'>claudices</span> <span class='ocrx_word' id='word_1_585' title='bbox 1516 4448 1604 4507; x_wconf 82' lang='lat' dir='ltr'>terre,</span> <span class='ocrx_word' id='word_1_586' title='bbox 1619 4447 1645 4497; x_wconf 86' lang='lat' dir='ltr'>et</span> <span class='ocrx_word' id='word_1_587' title='bbox 1658 4438 1753 4497; x_wconf 67' lang='lat' dir='ltr'>ababa</span> <span class='ocrx_word' id='word_1_588' title='bbox 1776 4446 1801 4497; x_wconf 83' lang='lat' dir='ltr'>te</span> <span class='ocrx_word' id='word_1_589' title='bbox 1821 4439 1899 4497; x_wconf 71' lang='lat' dir='ltr'>tere</span> 
     </span>
     <span class='ocr_line' id='line_1_48' title="bbox 192 4526 1903 4618; baseline -0.004 -25"><span class='ocrx_word' id='word_1_590' title='bbox 192 4535 240 4587; x_wconf 71' lang='lat' dir='ltr'>ivs</span> <span class='ocrx_word' id='word_1_591' title='bbox 256 4526 429 4602; x_wconf 63' lang='lat' dir='ltr'>respuefl’m·</span> <span class='ocrx_word' id='word_1_592' title='bbox 444 4549 459 4578; x_wconf 74' lang='lat' dir='ltr'>r</span> <span class='ocrx_word' id='word_1_593' title='bbox 1032 4553 1056 4618; x_wconf 69' lang='grc' dir='ltr'><strong>ῃ</strong></span> <span class='ocrx_word' id='word_1_594' title='bbox 1075 4537 1156 4593; x_wconf 79' lang='lat' dir='ltr'>ditate</span> <span class='ocrx_word' id='word_1_595' title='bbox 1170 4531 1250 4591; x_wconf 78' lang='lat' dir='ltr'>Jacob</span> <span class='ocrx_word' id='word_1_596' title='bbox 1262 4533 1351 4607; x_wconf 82' lang='lat' dir='ltr'>patris</span> <span class='ocrx_word' id='word_1_597' title='bbox 1367 4533 1422 4600; x_wconf 73' lang='grc' dir='ltr'>τοῖς</span> <span class='ocrx_word' id='word_1_598' title='bbox 1439 4546 1468 4588; x_wconf 81' lang='lat' dir='ltr'>cs</span> <span class='ocrx_word' id='word_1_599' title='bbox 1489 4531 1564 4587; x_wconf 82' lang='lat' dir='ltr'>enim</span> <span class='ocrx_word' id='word_1_600' title='bbox 1584 4529 1697 4586; x_wconf 69' lang='lat' dir='ltr'>demat</span> <span class='ocrx_word' id='word_1_601' title='bbox 1719 4528 1840 4586; x_wconf 72' lang='lat' dir='ltr'>herrm</span> <span class='ocrx_word' id='word_1_602' title='bbox 1860 4535 1903 4586; x_wconf 82' lang='lat' dir='ltr'>sat</span> 
     </span>
     <span class='ocr_line' id='line_1_49' title="bbox 224 4616 1902 4694; baseline -0.001 -20"><span class='ocrx_word' id='word_1_603' title='bbox 224 4619 271 4674; x_wconf 80' lang='lat'>28.</span> <span class='ocrx_word' id='word_1_604' title='bbox 290 4616 432 4675; x_wconf 75' lang='lat' dir='ltr'>Praeterea</span> <span class='ocrx_word' id='word_1_605' title='bbox 445 4632 535 4690; x_wconf 88' lang='lat' dir='ltr'>quam</span> <span class='ocrx_word' id='word_1_606' title='bbox 552 4618 628 4675; x_wconf 86' lang='lat' dir='ltr'>celer</span> <span class='ocrx_word' id='word_1_607' title='bbox 642 4622 671 4675; x_wconf 90' lang='lat' dir='ltr'>et</span> <span class='ocrx_word' id='word_1_608' title='bbox 690 4622 840 4692; x_wconf 87' lang='lat' dir='ltr'>tamquam</span> <span class='ocrx_word' id='word_1_609' title='bbox 857 4621 1021 4694; x_wconf 88' lang='lat' dir='ltr'>nequisse</span> <span class='ocrx_word' id='word_1_610' title='bbox 1074 4626 1130 4682; x_wconf 77' lang='lat' dir='ltr'>tec</span> <span class='ocrx_word' id='word_1_611' title='bbox 1145 4623 1209 4694; x_wconf 85' lang='lat' dir='ltr'>(isc.</span> <span class='ocrx_word' id='word_1_612' title='bbox 1227 4637 1305 4692; x_wconf 78' lang='lat' dir='ltr'>cuti,</span> <span class='ocrx_word' id='word_1_613' title='bbox 1321 4621 1375 4692; x_wconf 85' lang='lat' dir='ltr'>ii).</span> <span class='ocrx_word' id='word_1_614' title='bbox 1393 4619 1549 4676; x_wconf 86' lang='lat' dir='ltr'>Paululum</span> <span class='ocrx_word' id='word_1_615' title='bbox 1563 4618 1632 4675; x_wconf 89' lang='lat' dir='ltr'>inde</span> <span class='ocrx_word' id='word_1_616' title='bbox 1651 4616 1795 4675; x_wconf 85' lang='lat' dir='ltr'>attonitus</span> <span class='ocrx_word' id='word_1_617' title='bbox 1809 4620 1839 4673; x_wconf 91' lang='lat' dir='ltr'>et</span> <span class='ocrx_word' id='word_1_618' title='bbox 1857 4630 1902 4673; x_wconf 80' lang='lat' dir='ltr'>se</span> 
     </span>
     <span class='ocr_line' id='line_1_50' title="bbox 192 4704 1902 4781; baseline -0.001 -19"><span class='ocrx_word' id='word_1_619' title='bbox 192 4706 273 4780; x_wconf 88' lang='lat' dir='ltr'>prior</span> <span class='ocrx_word' id='word_1_620' title='bbox 285 4706 409 4763; x_wconf 89' lang='lat' dir='ltr'>irrueret</span> <span class='ocrx_word' id='word_1_621' title='bbox 419 4705 555 4774; x_wconf 85' lang='lat' dir='ltr'>tustinus,</span> <span class='ocrx_word' id='word_1_622' title='bbox 566 4711 747 4764; x_wconf 85' lang='lat' dir='ltr'>armaturam</span> <span class='ocrx_word' id='word_1_623' title='bbox 758 4708 903 4767; x_wconf 79' lang='lat' dir='ltr'>celestem</span> <span class='ocrx_word' id='word_1_624' title='bbox 920 4710 1021 4768; x_wconf 89' lang='lat' dir='ltr'>indue·</span> <span class='ocrx_word' id='word_1_625' title='bbox 1072 4728 1141 4771; x_wconf 86' lang='lat' dir='ltr'>curn</span> <span class='ocrx_word' id='word_1_626' title='bbox 1156 4715 1190 4767; x_wconf 90' lang='lat' dir='ltr'>ut</span> <span class='ocrx_word' id='word_1_627' title='bbox 1203 4710 1237 4766; x_wconf 92' lang='lat' dir='ltr'>iit</span> <span class='ocrx_word' id='word_1_628' title='bbox 1251 4708 1346 4765; x_wconf 86' lang='lat' dir='ltr'>multa</span> <span class='ocrx_word' id='word_1_629' title='bbox 1361 4709 1459 4765; x_wconf 88' lang='lat' dir='ltr'>animo</span> <span class='ocrx_word' id='word_1_630' title='bbox 1472 4709 1623 4781; x_wconf 79' lang='lat' dir='ltr'>reputans,</span> <span class='ocrx_word' id='word_1_631' title='bbox 1635 4710 1792 4781; x_wconf 87' lang='lat' dir='ltr'>postquam</span> <span class='ocrx_word' id='word_1_632' title='bbox 1807 4704 1902 4762; x_wconf 83' lang='lat' dir='ltr'>misso</span> 
     </span>
     <span class='ocr_line' id='line_1_51' title="bbox 191 4791 1903 4871; baseline -0.001 -18"><span class='ocrx_word' id='word_1_633' title='bbox 191 4795 239 4865; x_wconf 87' lang='lat' dir='ltr'>rit,</span> <span class='ocrx_word' id='word_1_634' title='bbox 249 4811 367 4868; x_wconf 90' lang='lat' dir='ltr'>quoque</span> <span class='ocrx_word' id='word_1_635' title='bbox 377 4795 480 4852; x_wconf 89' lang='lat' dir='ltr'>robore</span> <span class='ocrx_word' id='word_1_636' title='bbox 490 4799 592 4852; x_wconf 90' lang='lat' dir='ltr'>contra</span> <span class='ocrx_word' id='word_1_637' title='bbox 604 4795 727 4853; x_wconf 88' lang='lat' dir='ltr'>virtutes</span> <span class='ocrx_word' id='word_1_638' title='bbox 737 4798 898 4855; x_wconf 88' lang='lat' dir='ltr'>contrarias</span> <span class='ocrx_word' id='word_1_639' title='bbox 909 4798 1020 4855; x_wconf 89' lang='lat' dir='ltr'>bellum</span> <span class='ocrx_word' id='word_1_640' title='bbox 1073 4800 1303 4871; x_wconf 84' lang='lat' dir='ltr'>circumquaque</span> <span class='ocrx_word' id='word_1_641' title='bbox 1319 4797 1464 4866; x_wconf 87' lang='lat' dir='ltr'>ministro,</span> <span class='ocrx_word' id='word_1_642' title='bbox 1477 4797 1501 4854; x_wconf 91' lang='lat' dir='ltr'>si</span> <span class='ocrx_word' id='word_1_643' title='bbox 1513 4796 1589 4853; x_wconf 77' lang='lat' dir='ltr'>&#39;lone</span> <span class='ocrx_word' id='word_1_644' title='bbox 1605 4810 1762 4870; x_wconf 88' lang='lat' dir='ltr'>puerorum</span> <span class='ocrx_word' id='word_1_645' title='bbox 1775 4791 1870 4863; x_wconf 81' lang='lat' dir='ltr'>aliqui</span> <span class='ocrx_word' id='word_1_646' title='bbox 1886 4810 1903 4851; x_wconf 90' lang='lat' dir='ltr'>a</span> 
     </span>
     <span class='ocr_line' id='line_1_52' title="bbox 191 4882 1903 4960; baseline -0.001 -20"><span class='ocrx_word' id='word_1_647' title='bbox 191 4883 308 4942; x_wconf 86' lang='lat' dir='ltr'>Christo</span> <span class='ocrx_word' id='word_1_648' title='bbox 325 4885 417 4941; x_wconf 84' lang='lat' dir='ltr'>fretus</span> <span class='ocrx_word' id='word_1_649' title='bbox 433 4884 606 4958; x_wconf 87' lang='lat' dir='ltr'>susceperit,</span> <span class='ocrx_word' id='word_1_650' title='bbox 618 4900 763 4959; x_wconf 87' lang='lat' dir='ltr'>carneque</span> <span class='ocrx_word' id='word_1_651' title='bbox 773 4903 807 4943; x_wconf 90' lang='lat' dir='ltr'>ac</span> <span class='ocrx_word' id='word_1_652' title='bbox 826 4886 932 4960; x_wconf 93' lang='lat' dir='ltr'>spiritu</span> <span class='ocrx_word' id='word_1_653' title='bbox 948 4887 1020 4944; x_wconf 91' lang='lat' dir='ltr'>rela-</span> <span class='ocrx_word' id='word_1_654' title='bbox 1075 4886 1286 4955; x_wconf 85' lang='lat' dir='ltr'>acolisvicinis,</span> <span class='ocrx_word' id='word_1_655' title='bbox 1298 4886 1370 4942; x_wconf 89' lang='lat' dir='ltr'>dnm</span> <span class='ocrx_word' id='word_1_656' title='bbox 1381 4885 1515 4954; x_wconf 89' lang='lat' dir='ltr'>recitant,</span> <span class='ocrx_word' id='word_1_657' title='bbox 1527 4887 1581 4942; x_wconf 92' lang='lat' dir='ltr'>hoc</span> <span class='ocrx_word' id='word_1_658' title='bbox 1592 4882 1795 4958; x_wconf 85' lang='lat' dir='ltr'>protulissent,</span> <span class='ocrx_word' id='word_1_659' title='bbox 1810 4898 1844 4939; x_wconf 91' lang='lat' dir='ltr'>ac</span> <span class='ocrx_word' id='word_1_660' title='bbox 1854 4898 1903 4939; x_wconf 90' lang='lat' dir='ltr'>ne·</span> 
     </span>
     <span class='ocr_line' id='line_1_53' title="bbox 192 4969 1904 5050; baseline 0.001 -21"><span class='ocrx_word' id='word_1_661' title='bbox 192 4970 423 5040; x_wconf 85' lang='lat' dir='ltr'>cientibus,cum</span> <span class='ocrx_word' id='word_1_662' title='bbox 434 4974 558 5047; x_wconf 74' lang='lat' dir='ltr'>pars¹⁸⁴⁸</span> <span class='ocrx_word' id='word_1_663' title='bbox 568 4972 715 5048; x_wconf 61' lang='lat' dir='ltr'>meltorjde</span> <span class='ocrx_word' id='word_1_664' title='bbox 723 4973 822 5048; x_wconf 88' lang='lat' dir='ltr'>palma</span> <span class='ocrx_word' id='word_1_665' title='bbox 832 4991 948 5050; x_wconf 88' lang='lat' dir='ltr'>semper</span> <span class='ocrx_word' id='word_1_666' title='bbox 956 4991 1021 5034; x_wconf 88' lang='lat' dir='ltr'>ccu·</span> <span class='ocrx_word' id='word_1_667' title='bbox 1075 4977 1184 5035; x_wconf 86' lang='lat' dir='ltr'>minem</span> <span class='ocrx_word' id='word_1_668' title='bbox 1200 4980 1261 5033; x_wconf 91' lang='lat' dir='ltr'>toto</span> <span class='ocrx_word' id='word_1_669' title='bbox 1276 4975 1304 5031; x_wconf 92' lang='lat' dir='ltr'>id</span> <span class='ocrx_word' id='word_1_670' title='bbox 1320 4975 1461 5048; x_wconf 89' lang='lat' dir='ltr'>temporis</span> <span class='ocrx_word' id='word_1_671' title='bbox 1472 4975 1567 5048; x_wconf 88' lang='lat' dir='ltr'>spatio</span> <span class='ocrx_word' id='word_1_672' title='bbox 1580 4975 1610 5029; x_wconf 94' lang='lat' dir='ltr'>in</span> <span class='ocrx_word' id='word_1_673' title='bbox 1621 4969 1904 5046; x_wconf 84' lang='lat' dir='ltr'>quolibetiococcu·</span> 
     </span>
     <span class='ocr_line' id='line_1_54' title="bbox 192 5059 1903 5141; baseline 0.001 -26"><span class='ocrx_word' id='word_1_674' title='bbox 192 5061 329 5129; x_wconf 85' lang='lat' dir='ltr'>teuderii,</span> <span class='ocrx_word' id='word_1_675' title='bbox 344 5064 445 5119; x_wconf 91' lang='lat' dir='ltr'>tamen</span> <span class='ocrx_word' id='word_1_676' title='bbox 460 5076 576 5135; x_wconf 90' lang='lat' dir='ltr'>semper</span> <span class='ocrx_word' id='word_1_677' title='bbox 596 5061 718 5136; x_wconf 89' lang='lat' dir='ltr'>periculi</span> <span class='ocrx_word' id='word_1_678' title='bbox 743 5067 876 5121; x_wconf 90' lang='lat' dir='ltr'>metuens</span> <span class='ocrx_word' id='word_1_679' title='bbox 892 5063 1020 5135; x_wconf 87' lang='lat' dir='ltr'>redivivi,</span> <span class='ocrx_word' id='word_1_680' title='bbox 1076 5066 1158 5141; x_wconf 88' lang='lat' dir='ltr'>tigno</span> <span class='ocrx_word' id='word_1_681' title='bbox 1174 5063 1523 5130; x_wconf 84' lang='lat' dir='ltr'>luisserenuntiante,vir</span> <span class='ocrx_word' id='word_1_682' title='bbox 1543 5059 1903 5136; x_wconf 84' lang='lat' dir='ltr'>prudentisingenii,gra·</span> 
     </span>
     <span class='ocr_line' id='line_1_55' title="bbox 195 5147 1902 5225; baseline 0.001 -22"><span class='ocrx_word' id='word_1_683' title='bbox 195 5148 314 5205; x_wconf 88' lang='lat' dir='ltr'>brachia</span> <span class='ocrx_word' id='word_1_684' title='bbox 330 5165 495 5223; x_wconf 87' lang='lat' dir='ltr'>numquam</span> <span class='ocrx_word' id='word_1_685' title='bbox 511 5150 666 5221; x_wconf 87' lang='lat' dir='ltr'>remiserit,</span> <span class='ocrx_word' id='word_1_686' title='bbox 680 5156 770 5225; x_wconf 91' lang='lat' dir='ltr'>utque</span> <span class='ocrx_word' id='word_1_687' title='bbox 783 5151 1022 5223; x_wconf 86' lang='lat' dir='ltr'>interhcc,viciis</span> <span class='ocrx_word' id='word_1_688' title='bbox 1076 5155 1122 5211; x_wconf 84' lang='lat' dir='ltr'>tie</span> <span class='ocrx_word' id='word_1_689' title='bbox 1138 5155 1242 5210; x_wconf 85' lang='lat' dir='ltr'>divinae</span> <span class='ocrx_word' id='word_1_690' title='bbox 1258 5152 1313 5210; x_wconf 89' lang='lat' dir='ltr'>sihi</span> <span class='ocrx_word' id='word_1_691' title='bbox 1330 5152 1481 5209; x_wconf 91' lang='lat' dir='ltr'>oraculum</span> <span class='ocrx_word' id='word_1_692' title='bbox 1496 5152 1527 5207; x_wconf 92' lang='lat' dir='ltr'>in</span> <span class='ocrx_word' id='word_1_693' title='bbox 1542 5167 1624 5225; x_wconf 90' lang='lat' dir='ltr'>spem</span> <span class='ocrx_word' id='word_1_694' title='bbox 1641 5148 1809 5207; x_wconf 85' lang='lat' dir='ltr'>fiducialius</span> <span class='ocrx_word' id='word_1_695' title='bbox 1824 5147 1902 5206; x_wconf 89' lang='lat' dir='ltr'>deiu-</span> 
     </span>
    </p>
   </div>
   <div class='ocr_carea' id='block_1_3' title="bbox 874 5279 1224 5338">
    <p class='ocr_par' dir='ltr' id='par_1_3' title="bbox 874 5279 1224 5338">
     <span class='ocr_line' id='line_1_56' title="bbox 874 5279 1224 5338; baseline 0.009 -6"><span class='ocrx_word' id='word_1_696' title='bbox 874 5279 996 5337; x_wconf 80' lang='lat' dir='ltr'>VARIAE</span> <span class='ocrx_word' id='word_1_697' title='bbox 1015 5279 1224 5338; x_wconf 77' lang='lat' dir='ltr'>bucularius.</span> 
     </span>
    </p>
   </div>
   <div class='ocr_carea' id='block_1_4' title="bbox 195 5369 1905 5497">
    <p class='ocr_par' dir='ltr' id='par_1_4' title="bbox 195 5369 1905 5497">
     <span class='ocr_line' id='line_1_57' title="bbox 232 5369 1905 5451; baseline -0.001 -24"><span class='ocrx_word' id='word_1_698' title='bbox 232 5369 279 5405; x_wconf 69' lang='lat'>¹⁸⁸¹</span> <span class='ocrx_word' id='word_1_699' title='bbox 297 5369 402 5442; x_wconf 90' lang='lat' dir='ltr'>spatiis</span> <span class='ocrx_word' id='word_1_700' title='bbox 417 5387 441 5426; x_wconf 87' lang='lat' dir='ltr'>c.</span> <span class='ocrx_word' id='word_1_701' title='bbox 481 5375 526 5409; x_wconf 71' lang='lat'>¹⁵⁸³</span> <span class='ocrx_word' id='word_1_702' title='bbox 551 5374 693 5447; x_wconf 86' lang='lat' dir='ltr'>respirare</span> <span class='ocrx_word' id='word_1_703' title='bbox 708 5393 731 5432; x_wconf 88' lang='lat' dir='ltr'>c.</span> <span class='ocrx_word' id='word_1_704' title='bbox 772 5378 816 5412; x_wconf 74' lang='lat'>¹⁸⁸⁸</span> <span class='ocrx_word' id='word_1_705' title='bbox 839 5394 907 5451; x_wconf 89' lang='lat' dir='ltr'>pras</span> <span class='ocrx_word' id='word_1_706' title='bbox 933 5379 958 5433; x_wconf 95' lang='lat' dir='ltr'>i.</span> <span class='ocrx_word' id='word_1_707' title='bbox 998 5378 1139 5434; x_wconf 71' lang='lat' dir='ltr'>tl‘liticen</span> <span class='ocrx_word' id='word_1_708' title='bbox 1168 5395 1237 5433; x_wconf 87' lang='lat' dir='ltr'>corr.</span> <span class='ocrx_word' id='word_1_709' title='bbox 1264 5375 1343 5432; x_wconf 86' lang='lat' dir='ltr'>uiros</span> <span class='ocrx_word' id='word_1_710' title='bbox 1367 5393 1390 5432; x_wconf 88' lang='lat' dir='ltr'>c.</span> <span class='ocrx_word' id='word_1_711' title='bbox 1430 5376 1474 5410; x_wconf 75' lang='lat'>¹⁵¹⁶</span> <span class='ocrx_word' id='word_1_712' title='bbox 1504 5374 1555 5431; x_wconf 90' lang='lat' dir='ltr'>liis</span> <span class='ocrx_word' id='word_1_713' title='bbox 1583 5391 1653 5432; x_wconf 87' lang='lat' dir='ltr'>corr.</span> <span class='ocrx_word' id='word_1_714' title='bbox 1677 5374 1703 5430; x_wconf 89' lang='lat' dir='ltr'>is</span> <span class='ocrx_word' id='word_1_715' title='bbox 1732 5389 1758 5429; x_wconf 92' lang='lat' dir='ltr'>c.</span> <span class='ocrx_word' id='word_1_716' title='bbox 1798 5371 1844 5407; x_wconf 74' lang='lat'>¹⁸⁴³</span> <span class='ocrx_word' id='word_1_717' title='bbox 1870 5385 1905 5426; x_wconf 81' lang='lat' dir='ltr'>ex</span> 
     </span>
     <span class='ocr_line' id='line_1_58' title="bbox 195 5457 359 5497; baseline 0.006 -1"><span class='ocrx_word' id='word_1_718' title='bbox 195 5457 267 5496; x_wconf 87' lang='lat' dir='ltr'>corr.</span> <span class='ocrx_word' id='word_1_719' title='bbox 285 5458 359 5497; x_wconf 88' lang='lat' dir='ltr'>eac.</span> 
     </span>
    </p>
   </div>
   <div class='ocr_carea' id='block_1_5' title="bbox 229 5546 1110 5682">
    <p class='ocr_par' dir='ltr' id='par_1_5' title="bbox 229 5546 1110 5682">
     <span class='ocr_line' id='line_1_59' title="bbox 229 5546 1110 5682; baseline -0.077 -3"><span class='ocrx_word' id='word_1_720' title='bbox 229 5608 303 5682; x_wconf 69' lang='grc'>(367)</span> <span class='ocrx_word' id='word_1_721' title='bbox 316 5609 487 5679; x_wconf 85' lang='lat' dir='ltr'>Vesuvium,</span> <span class='ocrx_word' id='word_1_722' title='bbox 510 5612 555 5669; x_wconf 67' lang='lat' dir='ltr'>bb.</span> <span class='ocrx_word' id='word_1_723' title='bbox 992 5546 1110 5605; x_wconf 75' lang='lat' dir='ltr'><strong>NOTAE·</strong></span> 
     </span>
    </p>
   </div>
   <div class='ocr_carea' id='block_1_6' title="bbox 0 10 1970 6084">
    <p class='ocr_par' dir='ltr' id='par_1_6' title="bbox 0 10 1970 6084">
     <span class='ocr_line' id='line_1_60' title="bbox 0 10 1970 6084; baseline 0 0"><span class='ocrx_word' id='word_1_724' title='bbox 0 10 1970 6084; x_wconf 95' lang='lat' dir='ltr'> </span> 
     </span>
    </p>
   </div>
  </div>
 </body>
</html>
