3900 6090
58 270 115 333 221
549 272 601 333 DE
621 269 922 333 sususteuteuu
945 268 978 331 S.
1001 270 1263 333 eteruestuuts.
1700 276 1760 339 222

58 421 126 461 rum
142 419 233 475 supra
248 402 399 458 memorati
412 402 668 459 sanctimonalium
678 404 883 459 cmirobiircvc·
897 400 926 468 Α
940 401 1065 458 basilicae
1081 404 1214 460 deterunt
1228 405 1438 463 babitaculum.
1457 408 1498 462 lbi
1521 408 1759 466 sanctimoniales

57 493 166 549 latione
182 491 281 546 dirius
296 509 327 546 sc
339 496 498 546 testataest
516 493 605 548 tuisse
617 492 884 559 rouunonitnmmti
938 489 1135 546 inestimabili
1163 493 1191 547 in
1217 511 1280 548 cunr
1306 495 1460 552 durotione
1485 498 1635 565 torrentes,
1653 516 1773 572 eorpus*

57 582 163 654 majori
176 580 316 646 ecclesiae,
333 599 396 652 qum
412 586 474 636 erut
491 581 553 636 loeo
574 582 741 651 subteriori,
758 582 815 637 elia
833 582 883 635 ad-
939 579 1310 654 beatissimum,tamqnam
1322 586 1560 656 luncpriinovita
1574 588 1758 657 excessisset,

52 673 158 744 jacens
173 670 355 726 extrinsecus
372 671 399 724 in
417 670 525 726 bonore
541 678 648 726 saneta
668 673 715 725 ltci
733 671 884 742 genitricis
938 670 973 723 de
990 687 1068 724 mure
1084 671 1279 727 eeclesiastico
1292 672 1391 727 larunt
1409 678 1495 746 utque
1515 683 1663 732 exornant.
1684 679 1760 733 lnter

56 759 885 831 lllerirrcenstruereturbusilieupnodnurqneipsiusrenc-
937 757 1760 838 levandum(perardumsurrrlimcnialiurndintinolanguo·

55 848 178 904 lationis
193 848 248 903 hue
264 849 364 903 ordine
381 851 532 906 rel'erebut.
547 849 715 915 Videbatur,
736 850 881 919 inquiens,
938 864 967 900 re
979 847 1091 914 nbmsn,
1109 849 1256 920 vitamque
1273 851 1365 922 ipsam
1384 853 1410 905 in
1428 852 1546 924 ancipiti
1567 856 1694 921 trabeas,
1708 873 1759 927 spe

56 939 130 993 mibi
155 938 317 1009 quiescenti
342 939 425 992 beatu
450 939 529 1011 virgo
554 939 668 992 llourini
699 937 883 992 Glodesindis
938 935 1042 989 salutis
1060 955 1115 990 iren
1132 939 1240 991 l'rustrn
1256 944 1443 1011 presumpta,
1469 943 1504 994 nd
1530 941 1626 996 Ineunt
1652 943 1758 998 lavacri

55 1044 148 1099 super
163 1044 281 1081 murum
299 1026 661 1099 civitatisstanslupidern
672 1027 882 1083 enrinusreluti
939 1026 1112 1079 fiducialiter
1126 1027 1249 1089 renitet
1265 1029 1366 1082 taciem
1382 1033 1488 1083 sanctia
1505 1031 1595 1101 digito
1612 1031 1664 1085 levi
1681 1038 1758 1087 lactu

55 1116 120 1172 loco
136 1115 319 1188 designando
337 1133 424 1170 mann
441 1116 883 1187 dejicero‚me‹picvorbisinsu·
938 1114 1120 1184 compressit.
1136 1115 1214 1168 lllico
1239 1115 1362 1185 digitum
1388 1118 1558 1172 redeuntem
1589 1120 1760 1191 sangnisex

56 1223 108 1278 per
124 1204 322 1277 compellare:
342 1205 395 1269 lbi,
413 1205 517 1276 inquit,
535 1205 657 1260 ecelesia
672 1205 838 1272 l'cbricetnr‚
855 1211 884 1261 et
939 1201 1011 1255 lucie
1041 1202 1170 1271 virgineo
1196 1202 1326 1273 prodigio
1353 1204 1478 1259 nrirabili
1504 1212 1548 1260 est
1573 1209 1757 1265 subsecutus.

56 1311 145 1367 quem
163 1295 191 1348 in
207 1294 301 1349 locum
319 1293 393 1365 lapis
409 1312 477 1349 cusu
495 1294 652 1361 devcuit,in
664 1313 696 1349 ern
709 1295 883 1350 beatissimae
938 1288 1081 1344 Omnibus
1096 1290 1135 1344 ibi
1152 1291 1541 1362 pariterconsistentibuset
1556 1295 1760 1367 inexemplum

56 1382 311 1455 scmpervirginis
327 1383 424 1438 Maria)
450 1384 579 1455 erigatur
601 1383 700 1439 relicere,
723 1385 883 1438 Monstralo
937 1378 1080 1432 Dutltinlcl
1096 1380 1194 1435 lulerls
1210 1381 1759 1454 miraculostupentibus‚eruarisdem

56 1470 185 1543 denique
202 1470 290 1526 alium
307 1471 881 1543 quamdaminpartentlntcrcscorsum:
937 1466 1034 1538 pelam
1051 1470 1195 1539 apparuit·
1214 1469 1345 1541 Cumque
1361 1472 1460 1526 eadem
1477 1473 1533 1536 vix,
1552 1477 1584 1528 nt
1603 1474 1671 1541 disi,
1691 1475 1760 1530 reli-

56 1559 120 1625 Hie,
138 1561 190 1627 uit,
208 1560 316 1615 ostium
333 1560 392 1627 fiet,
410 1561 488 1631 quod
512 1578 546 1615 ex
562 1559 683 1615 eeclesia
698 1560 813 1631 majori,
829 1563 882 1617 hoe
938 1554 1020 1628 glosa
1035 1556 1143 1612 lentina
1158 1576 1330 1630 supremum
1346 1560 1470 1616 halitum
1487 1563 1633 1631 retineret,
1642 1571 1761 1636 repente

55 1654 110 1714 est,
128 1649 318 1716 monasterio,
337 1650 365 1702 in
381 1649 513 1703 eamdem
531 1648 645 1720 pervius
662 1666 765 1704 novam
777 1649 882 1705 sorori·
938 1643 1011 1699 vires
1029 1645 1089 1712 jum
1116 1648 1216 1702 morbo
1241 1649 1398 1705 exhutlslas
1421 1650 1561 1722 [ssulatim
1585 1653 1641 1708 Sibi
1667 1655 1761 1711 redire

56 1737 110 1793 bus
125 1737 277 1809 aperietur
292 1738 453 1810 ingressus.
466 1738 524 1793 Hoc
541 1755 644 1793 sauine
661 1739 804 1807 discusso,
815 1755 882 1794 eum
937 1735 1091 1803 persensit,
1108 1741 1137 1790 et
1152 1737 1304 1792 mensibus
1321 1755 1369 1793 sex
1394 1745 1482 1794 tanta
1507 1742 1546 1795 rei
1574 1742 1656 1797 testis
1680 1749 1759 1815 post-

56 1825 169 1882 eaeteris
184 1825 343 1895 retulisset,
356 1825 476 1898 ancipiti
491 1827 540 1881 diu
567 1826 675 1883 haesere
701 1827 831 1896 consilio,
849 1845 881 1883 eo
937 1823 1057 1877 modum
1074 1824 1239 1895 supervixit.
1259 1826 1378 1897 Expleto
1403 1829 1481 1882 omni
1498 1830 1537 1901 pii
1553 1830 1661 1886 amoris
1683 1833 1760 1888 eirca

56 1915 132 1987 quod
148 1917 219 1970 tunc
235 1914 374 1987 temporis
390 1915 882 1987 regimtutelaelocussubesset‚nco
937 1916 1069 1967 sanctam
1094 1914 1237 1986 virginem
1264 1915 1437 1984 ministerio,
1466 1918 1667 1989 deposuerunt
1694 1938 1759 1977 eam

57 2002 112 2058 nisi
128 2004 166 2058 ad
182 2020 250 2059 eum
263 2005 411 2076 rogatione
422 2004 533 2076 perlato
547 2005 603 2059 tale
614 2005 684 2076 quid
696 2006 881 2077 aggrediendi
937 1999 1006 2055 item
1018 1983 1051 2057 in
1068 2004 1248 2077 sarcophago
1265 2022 1348 2072 noro,
1366 2007 1402 2060 ad
1417 2007 1565 2062 dexteram
1588 2014 1700 2079 partem
1718 2012 1759 2066 al-

56 2092 96 2148 eis
112 2093 327 2165 suggerebatur
342 2093 459 2147 fiducia.
478 2093 578 2164 ltaque
593 2111 622 2149 rc
637 2094 786 2149 celerrime
801 2096 880 2166 prin·
937 2090 1007 2145 turis
1022 2097 1128 2147 saneta
1145 2093 1194 2148 Dei
1209 2094 1373 2162 Genitricis,
1391 2095 1540 2168 humoque
1560 2098 1686 2171 desuper
1707 2116 1758 2173 eg·

56 2181 282 2254 cipiinsinuata,
293 2183 548 2254 coqueenctoreiu
561 2183 880 2255 negotiosusequendo,
936 2186 1028 2251 gesta,
1045 2181 1199 2255 diligenter
1213 2189 1400 2255 componunt.

57 2276 89 2328 ut
102 2269 177 2326 usto
192 2270 341 2335 docuerat,
355 2287 471 2325 summa
492 2270 629 2327 facilitate
654 2272 791 2339 adducto,
808 2289 881 2346 opus
971 2271 998 2325 6.
1015 2270 1205 2342 Aliquantum
1222 2278 1322 2344 postea
1346 2275 1468 2329 tluxerct
1489 2279 1616 2348 tempus,
1642 2281 1670 2332 et
1694 2294 1759 2334 ecee

57 2364 178 2415 strenue
194 2365 315 2415 curatur
329 2363 416 2431 utque
433 2360 591 2432 perficitur.
608 2359 742 2415 Edictum
762 2361 883 2432 insuper
938 2364 1020 2414 noete
1036 2362 1163 2433 quadam
1179 2363 1296 2417 cuidem
1311 2363 1375 2417 vitm
1399 2363 1619 2420 continentioris
1643 2367 1758 2422 lemine>

56 2447 882 2520 regimliberalitatiscisdemsanctimonialibusestadjee·
937 2447 965 2503 in
979 2449 1076 2506 visua
1098 2452 1225 2522 quodem
1250 2452 1412 2517 diecbntur,
1430 2454 1507 2524 quod
1533 2471 1639 2526 eorpus
1664 2455 1758 2528 ipsius

56 2542 130 2604 tum,
149 2542 182 2592 ut
197 2537 299 2592 eadem
316 2554 398 2605 nova,
415 2555 479 2609 quea
493 2538 646 2593 condenda
659 2541 744 2605 essct,
762 2537 883 2593 basilica
937 2538 1026 2594 beata
1042 2539 1163 2612 virginis
1179 2557 1245 2596 mus
1260 2541 1336 2595 inlra
1355 2542 1522 2613 sepulerum
1547 2550 1757 2616 corrumperet,

57 2624 257 2681 coeineterium
273 2643 406 2681 sororum
422 2627 517 2681 denuo
529 2625 697 2682 solemniter
710 2626 882 2694 haberetne
937 2631 1023 2698 etque
1042 2629 1071 2682 id
1088 2628 1151 2700 ipso
1167 2646 1270 2700 sopore
1295 2634 1518 2686 monumentum
1535 2631 1590 2685 sibi
1605 2632 1760 2689 ridebatur

58 2730 123 2769 mox
139 2713 169 2768 in
185 2715 318 2770 eamdem
335 2713 486 2769 basilicam
498 2731 604 2787 eorpus
620 2731 708 2769 sacre
716 2714 837 2787 virginis
848 2733 882 2771 ex
936 2716 1052 2788 aperiri,
1068 2723 1097 2772 et
1122 2734 1246 2787 murem,
1272 2718 1320 2790 qni
1342 2719 1405 2789 jain
1430 2718 1543 2790 pollicis
1567 2721 1650 2790 pedis
1665 2721 1757 2776 dextri

56 2799 118 2858 loco
135 2803 244 2874 prioris
256 2802 363 2858 tumuli
377 2803 582 2859 venerabiliter
597 2803 882 2859 referreturhumau-
936 2809 1049 2876 partem
1065 2811 1237 2872 corroserat,
1253 2806 1317 2878 ipsa
1333 2822 1396 2877 qua
1416 2807 1477 2861 lnce
1492 2804 1617 2876 videbat,
1634 2807 1756 2879 expelle-

56 2892 137 2946 dum.
148 2891 196 2947 Sic
209 2896 236 2948 et
252 2891 427 2964 longitudini
444 2892 566 2960 itineris,
577 2892 653 2964 quod
671 2892 881 2949 funeribussn·
936 2896 989 2945 ret.
1006 2893 1213 2964 Expergelacte
1227 2893 1366 2959 diluculo,
1384 2910 1444 2948 rein
1463 2894 1547 2949 metri
1563 2897 1760 2967 congregatio-

56 2978 192 3035 cillarum
216 2979 267 3036 Dei
288 2981 361 3036 urbe
384 2982 457 3052 (327)
486 2981 674 3053 exportandis
701 2981 879 3037 laboriosum
936 2979 1495 3052 nis‚eiaterisquesoror·ibusnarratrtd
1512 2982 1756 3054 idexploraudum

56 3069 232 3124 cernebatur
248 3073 454 3140 temperatum,
470 3074 499 3123 ct
513 3069 708 3141 patrocinium
719 3070 880 3126 multitudi·
936 3067 1087 3124 ministros
1103 3086 1252 3125 sacrorum
1270 3070 1356 3125 acciri
1375 3069 1512 3125 continuo
1528 3069 1648 3142 placuit.
1660 3073 1757 3138 Qiiide

58 3158 86 3212 ui
101 3155 234 3212 tidelium
260 3161 305 3212 est
328 3156 529 3228 copiosissime
552 3158 693 3213 divinitus
718 3160 877 3231 provisum.
895 3140 917 3207 C
936 3173 1016 3211 more
1031 3157 1203 3212 Christianae
1220 3158 1370 3228 religionis
1389 3158 1500 3213 litaniis
1527 3164 1555 3214 et
1577 3162 1758 3217 orationibus

56 3246 112 3302 Nec
129 3262 165 3301 ex
180 3262 214 3300 ee
225 3248 356 3317 tempore
367 3246 443 3316 jam,
455 3250 485 3300 ut
497 3246 579 3318 prius
595 3248 685 3303 moris
701 3253 773 3313 erat,
785 3248 828 3304 vel
845 3249 880 3305 ad
937 3261 988 3315 pro
1004 3263 1033 3299 re
1050 3247 1248 3317 prosperanda
1272 3246 1397 3317 peractis
1421 3247 1568 3302 tumulum
1596 3255 1759 3306 reverenter

57 3339 252 3390 memoratum
267 3334 474 3407 apestolorum,
502 3353 580 3391 nune
604 3337 679 3391 beuti
701 3337 813 3392 druulfi
830 3354 880 3392 no·
936 3336 1080 3406 aperiunt,
1097 3336 1174 3391 etad
1191 3341 1270 3391 certa
1285 3336 1393 3391 indicia
1408 3336 1527 3391 visionis
1551 3337 1655 3408 pollice
1676 3340 1757 3411 pedis

58 3424 138 3478 mine
152 3423 308 3491 celebrem,
322 3423 365 3478 vel
381 3427 499 3479 crateras
515 3425 592 3481 eirea
618 3425 719 3480 urbem
744 3426 881 3482 basilicas
936 3424 1035 3480 dextro
1051 3429 1202 3480 cruentato
1227 3430 1349 3496 reperto,
1374 3425 1497 3480 soricem
1521 3426 1711 3499 depellentes,
1728 3433 1757 3484 et

56 3510 218 3584 cujuslibet
232 3528 333 3568 eorum
350 3516 393 3567 est
409 3514 498 3568 lanus
512 3513 640 3580 elutum3
657 3514 706 3569 sed
719 3513 808 3569 veluti
819 3531 880 3569 ma·
935 3513 981 3568 viu
996 3515 1024 3568 in
1041 3514 1186 3585 reliquum
1203 3515 1373 3586 penetrandi
1399 3514 1558 3581 obstructo,
1576 3516 1755 3587 sepulcrum,

57 3601 90 3654 tri
108 3600 188 3655 ultas
205 3605 238 3655 ut
251 3600 379 3656 viventes
403 3602 513 3657 devotis
536 3601 694 3673 obsequiis,
711 3602 751 3656 ita
775 3602 881 3658 saeculo
936 3606 969 3656 ut
984 3603 1075 3673 prius,
1092 3603 1253 3657 obcludunt
1267 3607 1295 3657 et
1311 3602 1457 3660 muniunt.

57 3690 176 3745 iunctas
193 3690 247 3746 sub
264 3694 381 3763 tempus
397 3690 688 3762 glorificationissure
703 3690 801 3745 debite
815 3707 881 3746 eor·
969 3693 997 3757 7,
1014 3689 1127 3756 Quievit
1142 3690 1172 3744 in
1188 3690 1290 3744 eodem
1306 3689 1368 3745 loco
1392 3706 1499 3761 corpus
1524 3691 1756 3748 sacratissimum

55 3779 135 3852 poris
151 3778 251 3835 videas
264 3779 410 3837 adhaerere
426 3779 533 3851 quiete.
936 3795 1030 3848 usque
1040 3779 1217 3849 adtempora
1228 3777 1546 3849 imperatorispiissimi
1563 3780 1698 3836 Ludorici
1708 3782 1758 3836 Ca-

86 3870 116 3923 5.
125 3868 597 3940 Fabricaigiturnovaecclesiaead
605 3885 752 3926 summam
759 3885 879 3924 manum
935 3866 996 3921 rolo
1012 3866 1209 3921 tamosissimo
1220 3882 1251 3920 ae
1266 3867 1394 3920 maximo
1410 3867 1584 3937 imperatore
1600 3868 1755 3940 progeniti,

55 3957 207 4028 perducta,
224 3957 260 4012 ad
275 3957 372 4013 locum
397 3956 524 4029 sepulcri
550 3958 635 4031 plebe
660 3963 721 4013 tots
744 3958 878 4013 certatim
935 3956 985 4013 ubi
1000 3955 1134 4028 pluribus
1150 3972 1180 4011 se
1197 3956 1363 4026 frequenter
1384 3956 1465 4027 virgo
1490 3957 1574 4011 beata
1598 3957 1758 4028 publicarit

55 4045 187 4117 undique
203 4047 461 4111 accurrente‚mira
475 4045 625 4103 alacritate
642 4048 880 4114 contenditur‚el-
934 4044 1102 4109 virtutibus,
1115 4041 1267 4114 multaque
1284 4041 1496 4097 infirmantium
1514 4043 1624 4099 curatio
1649 4046 1756 4100 sancti-

56 4134 193 4206 tosssque
208 4134 298 4189 humo
314 4135 511 4206 circumjecta,
528 4152 561 4191 ec
577 4136 672 4207 lapide
688 4143 879 4192 monumento
934 4134 1003 4189 tatis
1019 4134 1083 4204 ejus
1098 4136 1127 4186 et
1141 4130 1237 4186 meriti
1253 4131 1329 4203 apud
1347 4131 1505 4186 Dominum
1522 4133 1756 4203 prestantissimi

56 4223 214 4292 subducte,
231 4223 379 4295 reperiunt
399 4230 531 4280 sanctem
557 4230 616 4280 toto
643 4225 737 4279 edlrue
760 4242 879 4298 corpore
934 4220 1103 4277 testimonio
1119 4220 1183 4275 suit.
1208 4219 1249 4274 Ea
1272 4220 1407 4291 quemvis
1432 4219 1546 4275 incuria
1570 4221 1757 4294 antiquitatis

57 4311 212 4385 integrum,
230 4311 311 4367 nulla
325 4311 405 4368 illius
422 4317 482 4367 tarn
499 4313 605 4367 diutini
623 4312 879 4384 sepulcralissitus
934 4309 1042 4382 scripto
1059 4308 1157 4363 minus
1174 4307 1233 4362 sint
1245 4307 1362 4375 tradita,
1374 4308 1515 4363 memorie
1530 4312 1628 4364 tamen
1645 4326 1679 4365 cx
1690 4327 1756 4364 uar-

58 4401 141 4474 signa
155 4401 187 4456 in
202 4417 288 4457 earne
303 4406 526 4468 monstrantem,
544 4403 593 4457 sed
610 4418 642 4456 ac
665 4401 689 4456 si
715 4402 761 4458 dic
776 4403 878 4457 eodem
933 4399 1044 4453 ratione
1060 4396 1286 4468 precedentium
1302 4395 1757 4453 subindeinsuccedentestrans·

58 4497 134 4546 esset
148 4492 291 4563 deposita,
308 4490 432 4564 gretiam
454 4491 545 4546 totius
570 4490 699 4563 corporis
723 4492 874 4547 rescrebat
892 4509 916 4574 D
933 4489 1007 4553 lusa,
1018 4502 1081 4558 qum
1093 4501 1138 4540 res
1149 4501 1250 4540 omnes
1261 4488 1404 4540 vetustate
1415 4488 1443 4540 et
1453 4485 1534 4541 senio
1546 4485 1690 4557 fugientes
1701 4487 1754 4541 du-

58 4581 123 4648 Quae
139 4581 179 4637 ibi
197 4581 306 4648 letitie,
323 4597 386 4652 ques
402 4579 498 4635 intimi
513 4579 607 4635 colore
624 4580 723 4652 gaudii
742 4578 876 4652 lacrymer
932 4575 1015 4631 rabili
1032 4578 1147 4646 reparat
1160 4573 1296 4640 novitate,
1315 4589 1429 4645 semper
1443 4590 1508 4629 eam
1523 4573 1688 4629 ostensione
1700 4575 1756 4648 sig-

59 4673 280 4742 prorumpentes
294 4667 498 4725 beatamillam
514 4669 550 4723 dc
565 4667 765 4724 tantavisiono
776 4673 875 4723 tenue·
931 4680 1036 4720 norum
1053 4663 1186 4718 lloruisso
1202 4679 1260 4716 non
1271 4665 1367 4717 tacet.
1385 4664 1451 4728 Qua
1477 4666 1576 4717 autem
1601 4663 1752 4733 posteriori

58 4758 112 4812 rint
125 4757 331 4831 frequentiam,
347 4755 452 4813 melius
466 4757 561 4812 verbis
578 4757 875 4829 succumberemus
931 4757 1023 4823 atate,
1035 4751 1092 4807 otio
1101 4751 1166 4822 jam
1187 4749 1313 4824 segniori
1333 4750 1480 4817 submoto,
1497 4750 1600 4806 littere
1621 4751 1754 4823 signave-

58 4845 452 4921 pammdignedicere,qu0d
465 4844 565 4918 utique
576 4845 698 4902 dicende
708 4846 806 4900 minus
816 4846 876 4901 red·
931 4845 1009 4908 runt,
1026 4839 1109 4895 facile
1125 4838 1276 4894 insinuent
1290 4843 1401 4909 quanta
1411 4839 1483 4893 tides
1498 4838 1651 4911 preteritis
1661 4839 1755 4912 possit

58 4934 190 4992 uiderim.
206 4935 281 4991 Nam
297 4934 365 4990 etsi
380 4934 449 5006 quid
464 4934 537 4988 sorte
553 4951 649 4990 sermo
669 4933 762 5006 possit
786 4932 872 5005 expli·
930 4930 1101 4998 haberiucc
1112 4927 1211 4983 minus
1221 4926 1308 4982 elaris
1320 4928 1349 4981 in
1359 4926 1409 4981 illo
1423 4928 1495 4982 tanti
1504 4928 1646 5000 temporis
1657 4929 1752 5001 spatio

58 5040 129 5093 care,
144 5025 174 5080 id
191 5024 284 5080 multo
301 5024 419 5079 uberius
434 5041 468 5078 oa
484 5023 577 5080 fidelis
593 5023 692 5096 populi
709 5022 876 5080 tuncerice
930 5017 1081 5074 miraculis
1096 5033 1160 5072 eum
1177 5014 1319 5072 celebrem
1342 5015 1497 5071 exstitisse.
1516 5016 1635 5072 Frustra
1655 5023 1752 5075 autem

57 5119 121 5168 runt
134 5113 285 5186 olisequia.
299 5113 429 5168 Tandem
439 5113 875 5183 incomparabilemthesaurum
930 5108 991 5164 haec
1004 5107 1031 5160 in
1049 5104 1331 5160 commendationem
1341 5104 1405 5173 ejus
1418 5105 1525 5176 requiri
1536 5105 1752 5175 videntur‚cum
1799 5114 1803 5121 ”

56 5202 101 5273 piu
114 5203 253 5258 aviditate
268 5201 876 5273 exceptumcumsolemniculestlspompa
930 5201 1006 5253 certe
1022 5195 1051 5250 id
1068 5210 1160 5248 unum
1176 5197 1257 5247 tauta
1272 5193 1559 5264 praesentiendum
1579 5213 1752 5252 eoncessum

56 5292 195 5364 triumphi
212 5292 314 5346 laudes
326 5291 382 5346 llco
399 5289 651 5345 sai-risordiuitnrs
661 5295 801 5344 concentu
814 5290 876 5344 reli·
930 5301 1036 5355 eorpus
1052 5280 1161 5336 scilicet
1176 5297 1227 5352 per
1242 5282 1383 5334 totannos
1394 5281 1754 5353 sinecorruptionescrva:

53 5379 131 5451 gioso
142 5380 284 5434 inec-inm
294 5378 464 5434 tollentibus
474 5379 510 5432 ad
524 5383 717 5450 preparatum
730 5378 785 5432 sibi
797 5395 874 5432 norro
930 5379 992 5430 turn
1009 5374 1115 5426 cuncte
1130 5372 1282 5440 exsuperet
1298 5368 1480 5436 admiranda,
1497 5387 1672 5441 quoeunque
1683 5387 1753 5427 essu
1794 5383 1795 5386 ’

86 5505 161 5573 (327)
192 5504 365 5559 Coemeteria
384 5502 453 5559 elim
483 5507 562 5558 extra
587 5503 674 5559 urbes
700 5502 792 5558 locuta
818 5506 911 5568 erant,
932 5500 1020 5556 etiam
1050 5491 1306 5552 sanctimonalium
1332 5499 1411 5549 extro
1435 5495 1576 5563 coenobia,
1594 5498 1627 5550 nt
1650 5495 1752 5555 multis

53 5575 192 5648 exemplis
208 5576 323 5647 probari
341 5579 444 5647 potest.
