3900 6090
61 188 126 251 233
516 187 567 250 DE
588 188 679 250 vlla
702 183 866 250 taxatus
887 182 1056 271 habeus
1079 189 1323 270 oouzlaNSfS,
1710 203 1770 265 stt

61 321 210 381 61661616
226 322 315 381 rebus
330 311 436 381 divinis
447 323 562 382 Christo
572 325 748 381 deserviens.
761 326 890 390 Quorum
905 319 933 389 Α
948 329 1477 401 66661611666166,66611611666611666
1487 337 1769 398 16616616166661116

60 410 123 470 cite
137 412 276 469 omuibus
292 414 500 488 acceptissime
514 418 603 470 testes
624 414 720 471 adhuc
740 415 827 471 multi
842 433 891 470 su·
946 434 1066 490 corpore
1081 420 1155 476 vires
1167 439 1234 478 eum
1246 425 1373 495 quodam
1389 430 1508 497 stupore
1521 444 1621 482 secum
1634 444 1769 501 compen·

61 507 246 576 persunt,ex
267 503 387 576 quibus,
412 504 436 560 si
461 503 527 576 quis
552 504 630 573 66111,
656 504 771 578 6166166
796 508 892 577 potest
947 515 1135 565 sans-erat
1155 511 1232 566 enim
1258 512 1350 569 macic
1373 519 1402 569 et
1425 515 1560 587 squalore
1585 516 1676 573 nimio
1700 534 1768 573 con·

60 591 227 648 addiscere.
676 614 679 619 ·
946 595 1038 652 fectus
1051 630 1083 638 -
1094 616 1161 655 eum
1172 617 1205 655 eo
1217 601 1388 674 aliquandiu
1404 608 1449 659 est
1463 610 1670 674 commoratus,
1683 604 1770 662 cellu-

98 683 144 737 21.
161 681 212 736 1116
227 682 328 755 116666
348 699 406 738 666
422 700 510 756 66666
535 688 666 757 ternpore
689 684 847 751 66666666,
863 688 892 739 61
946 684 1004 740 1616
1023 704 1137 759 666666
1154 689 1208 744 6161
1225 692 1261 746 66
1277 690 1470 748 habitandum
1496 695 1651 768 compegit.
1670 695 1769 752 Plures

59 770 158 827 multo
170 771 259 827 divini
274 771 370 844 operis
385 771 483 828 labore
494 790 523 829 se
535 772 632 845 ipsum
643 790 788 839 exercens,
801 773 890 827 etiam
946 777 1015 829 1666
1031 792 1064 830 ex
1078 776 1184 832 vicinio
1199 779 1323 834 civitatis
1339 779 1407 836 illuc
1421 782 1533 837 risendi
1549 783 1643 856 gratia
1656 785 1770 840 venien-

61 861 141 932 apud
154 861 278 915 eandem
288 860 380 915 saneti
388 860 709 939 Salt¹atorisbasilienm
719 861 890 917 retrusionis
945 866 1000 927 166,
1017 868 1046 918 61
1060 881 1173 937 666666
1189 869 1363 923 necessariis
1386 869 1488 926 usibus
1503 873 1694 939 conferentes,
1711 889 1767 927 non

61 947 211 1014 cellulam,
225 948 254 1004 in
266 966 325 1021 qua
338 956 478 1023 66666166
494 949 688 1017 clauderetur,
702 951 824 1006 adorsus
834 955 888 1007 est.
945 952 1102 1009 minimum
1120 955 1147 1009 in
1165 962 1264 1011 saneto
1280 957 1675 1016 desiderioaecendebantur.
1692 962 1771 1018 lnter

61 1036 279 1094 Sederedoloci
293 1039 530 1095 incommoditate
541 1039 784 1112 offensus,utpote
794 1040 890 1096 medio
945 1056 1018 1112 quos
1033 1046 1061 1096 ot
1076 1043 1213 1114 praefatus
1239 1045 1418 1101 Humbertus
1441 1047 1614 1119 plerumque
1629 1050 1769 1104 accedens

61 1125 157 1194 urbia,
173 1129 203 1182 et
222 1126 320 1199 potius
345 1132 457 1184 secreta
479 1128 609 1200 quelibet
631 1127 769 1184 silvarum
793 1128 890 1184 animo
945 1130 1127 1203 subindeque
1142 1133 1291 1199 recedens,
1303 1150 1515 1206 nonnunquam
1531 1140 1559 1190 et
1573 1135 1690 1208 aliquod
1707 1136 1769 1193 dies

62 1214 237 1284 meditatus,
254 1212 707 1273 16166166616161161666666666.
724 1217 889 1273 616611616-
944 1218 1124 1287 subsistens3
1141 1221 1303 1293 etquidem
1323 1221 1366 1277 vir
1389 1224 1505 1279 natione
1521 1223 1622 1291 Britto,
1638 1224 1769 1281 Andreas

60 1307 143 1359 16666
158 1304 238 1360 fama
251 1304 305 1359 viri
324 1305 498 1362 venerabilis
522 1306 685 1374 llumberti,
700 1306 750 1378 661
766 1306 891 1362 Virduni
944 1306 1073 1375 nomine,
1084 1307 1255 1365 liberalibus
1266 1311 1397 1382 adprime
1408 1312 1514 1368 studiis
1524 1311 1667 1381 cruditus,
1680 1314 1731 1370 sod
1741 1318 1770 1370 61

61 1391 208 1461 reclusus,
221 1398 249 1449 ct
263 1392 386 1450 scientia
404 1394 568 1450 litterarum
590 1401 772 1465 sanctarum,
783 1400 812 1451 et
826 1395 889 1451 lau·
944 1395 1035 1451 animi
1051 1397 1158 1453 virtute
1173 1398 1355 1472 prepollens,
1367 1405 1396 1456 et
1406 1402 1483 1473 quod
1500 1401 1546 1456 his
1559 1403 1657 1473 majus
1672 1404 1726 1470 est,
1738 1403 1769 1459 16

61 1481 172 1537 6661116
187 1482 253 1538 vitre
263 1482 430 1539 testimonio
441 1483 548 1551 clarus,
559 1489 588 1540 et
602 1484 706 1540 merito
719 1488 838 1540 sanctus
853 1485 889 1541 ab
944 1483 1043 1540 divina
1053 1486 1212 1543 admodum
1229 1487 1390 1544 studiosus.
1403 1489 1454 1544 llic
1466 1490 1501 1544 de
1512 1490 1608 1562 patria
1620 1489 1717 1545 insula
1728 1491 1770 1546 in·

60 1571 203 1626 omnibus
218 1588 251 1627 eo
272 1571 327 1627 loci
349 1571 522 1640 habebatur,
539 1572 671 1629 celeriter
685 1575 721 1628 ad
738 1590 804 1630 eum
820 1590 889 1630 con·
944 1572 1095 1630 testatione
1111 1575 1369 1644 Nortmnnnorum,
1387 1578 1501 1634 cunctis
1516 1579 1648 1650 ejusdem
1665 1576 1769 1635 insule

60 1659 168 1727 166611,
190 1664 219 1716 61
241 1660 320 1717 brevi
344 1660 456 1717 mutuis
480 1662 767 1718 confabulationibus
790 1663 888 1718 animo
904 1659 1048 1758 Bincelis
1063 1666 1114 1719 aut
1128 1664 1234 1720 occisis
1253 1670 1304 1720 aut
1327 1665 1444 1739 fugatis,
1461 1683 1529 1723 cum
1553 1666 1689 1740 pluribus
1703 1667 1769 1723 aliis

60 1747 183 1805 1616666
197 1749 440 1818 coadolescentes,
452 1750 568 1822 aliquod
581 1750 644 1806 6166
660 1768 728 1807 cum
739 1768 772 1807 eo
782 1751 888 1824 exegit.
944 1749 1129 1824 6661166666
1143 1770 1176 1808 nc
1186 1754 1368 1825 sapientibus
1379 1754 1449 1810 61616
1460 1755 1573 1827 661666,
1586 1756 1768 1812 6666666666

60 1836 203 1893 Omnium
213 1837 321 1895 ibidem
337 1857 509 1896 excessuum
521 1857 641 1896 suornm
658 1856 761 1911 puram
777 1840 889 1896 confes·
944 1839 1109 1896 sanctitatis
1134 1841 1270 1913 episcopo
1292 1842 1419 1908 Dodone,
1436 1843 1521 1914 cujus
1545 1860 1635 1915 supra
1660 1844 1769 1900 mentio

61 1925 177 1982 sionem
188 1927 349 2000 deponens,
361 1946 395 1983 ex
407 1929 508 1984 eodem
520 1929 676 1985 venerabili
688 1929 748 1985 viro
764 1929 889 1984 formam
944 1927 1021 1983 facta
1045 1933 1090 1985 661
1104 1931 1189 1999 (365),
1207 1930 1237 1985 16
1262 1930 1510 1987 litante-Falconis
1533 1931 1608 2002 (366)
1623 1947 1691 1987 curn
1717 1948 1768 1987 no·

61 2013 231 2088 penitentie
246 2017 333 2089 cepit.
345 2018 489 2074 Carnibus
506 2022 674 2090 6116616166
688 2019 724 2074 66
740 2017 804 2090 1666
816 2022 889 2074 tem·
944 2015 1093 2090 661116661
1105 2035 1173 2073 eum
1186 2036 1220 2074 ao
1232 2020 1408 2075 advenerant
1420 2019 1601 2077 Brittonibus
1620 2023 1767 2093 exceptus,

61 2120 132 2177 pore
144 2104 266 2162 omnino
277 2105 431 2175 abstinuit,
441 2112 469 2163 at
476 2108 593 2181 jejunia
603 2107 658 2164 sibi
670 2124 786 2181 semper
795 2107 890 2164 amica
944 2108 973 2160 61
987 2105 1059 2162 66116
1074 2106 1233 2163 liberaliter
1247 2111 1292 2165 est
1305 2111 1493 2180 procuratus.

61 2190 220 2266 infatigato
236 2193 332 2268 rigore
346 2194 479 2269 arripuit.
979 2196 1025 2250 24.
1042 2196 1114 2250 Cum
1130 2196 1177 2252 his
1201 2197 1417 2253 communicato
1442 2196 1574 2264 consilio,
1590 2200 1690 2254 utrum
1705 2197 1769 2254 loco

96 2285 144 2336 22.
162 2281 237 2338 Cum
251 2299 318 2340 vero
338 2284 538 2356 comperisset,
554 2289 583 2341 et
602 2285 727 2342 alterum
743 2287 889 2358 quendam
944 2283 1046 2339 eodem
1060 2284 1115 2341 sihi
1132 2283 1250 2342 saluhra
1264 2303 1297 2342 ac
1308 2285 1481 2360 frugiferum
1494 2288 1572 2342 66661
1587 2302 1714 2354 manere,
1727 2285 1769 2342 illi

61 2369 231 2427 solitarium
247 2371 277 2428 16
292 2371 399 2429 6161616
413 2374 545 2446 ejusdem
561 2375 698 2441 civitatis,
710 2374 787 2431 intra
800 2392 890 2432 remo
944 2375 977 2428 ut
991 2372 1068 2428 cauti
1083 2378 1111 2429 61
1126 2373 1204 2430 111166
1220 2379 1416 2447 portentuose
1436 2373 1605 2431 stoliditatis
1619 2374 1768 2432 heremite

61 2458 137 2516 tiora
154 2459 248 2517 saltus
263 2460 314 2534 qui
328 2463 465 2535 argonna
480 2465 554 2536 (364)
569 2464 686 2533 6161166,
703 2464 889 2531 commorari,
944 2477 1060 2517 morum
1077 2481 1134 2519 non
1150 2463 1255 2535 ignari,
1267 2465 1303 2520 ab
1318 2465 1383 2536 ejus
1398 2463 1612 2520 cohabitatione
1627 2464 1769 2520 omnimo·

60 2549 154 2606 ctiam
169 2548 249 2608 hunc
263 2550 365 2607 eadem
385 2552 504 2609 fervoris
519 2553 662 2609 instantia
682 2553 762 2622 adiit,
775 2553 799 2610 si
816 2554 889 2610 forte
943 2549 990 2606 616
1005 2551 1138 2607 animum
1151 2552 1346 2621 deflexerunt;
1359 2552 1485 2608 maxime
1496 2553 1597 2608 eodem
1608 2552 1768 2609 Humberto

59 2634 175 2694 ibidem
186 2639 388 2696 desideriodiu
398 2642 579 2714 conceptode
589 2641 699 2698 heremi
709 2641 889 2699 habitatione
944 2640 1094 2707 suadente,
1112 2644 1144 2695 ut
1160 2641 1282 2696 Romam
1298 2640 1469 2696 memoriam
1486 2640 1638 2696 beatorum
1652 2644 1767 2714 aposto·

59 2726 232 2784 satisfacere
243 2734 352 2800 posset.
365 2729 524 2786 1116661666
540 2730 700 2799 solitarius,
712 2732 888 2787 huntbertus
943 2724 1251 2801 lorum·supplieatnm
1263 2730 1345 2802 prius
1357 2729 1437 2786 adire
1446 2733 1612 2802 temptaret,
1624 2730 1700 2802 quod
1713 2729 1769 2785 iter

59 2816 193 2885 nomine,
210 2822 239 2874 et
254 2818 384 2875 moribus
400 2824 428 2875 61
448 2819 571 2876 66166116
585 2820 705 2875 omnino
720 2820 888 2877 6661166666
942 2813 1005 2888 1666
1016 2818 1079 2888 jam
1095 2819 1207 2874 dudum
1231 2818 1290 2874 Deo
1306 2817 1430 2891 propitio
1452 2821 1594 2891 exegerat,
1606 2822 1635 2874 et
1658 2817 1700 2874 sic
1715 2817 1768 2874 de·

60 2911 135 2975 erat,
150 2911 179 2962 at
195 2906 252 2963 nisi
263 2909 341 2980 quod
356 2907 467 2963 multus
482 2907 574 2976 16666,
587 2924 644 2981 666
660 2908 733 2966 satis
742 2925 888 2981 superque
942 2922 1024 2962 mum
1040 2905 1098 2963 vita
1112 2907 1218 2963 comita
1241 2907 1366 2974 6661666,
1383 2906 1460 2978 6666
1477 2905 1507 2961 16
1522 2905 1766 2963 commune'ratio

60 2994 226 3052 durissimo
240 2996 356 3053 6166161
371 2996 609 3067 inrationabilijse
621 2997 718 3070 ipsum
734 2998 886 3068 atterebat,
941 2996 1157 3052 demonstraret
1170 2995 1279 3069 pariter
1289 2998 1517 3067 exsequerentur
1526 2995 1581 3050 ¹⁵⁶⁰.
1593 2993 1659 3050 Mox
1668 3011 1766 3052 moras

59 3099 128 3139 eum
146 3083 332 3156 aliquatenus
354 3084 385 3140 in
409 3086 497 3142 rebus
521 3085 627 3141 divinis
652 3087 886 3154 commendabat,
904 3055 1043 3140 comnes
1055 3084 1146 3140 animi
1162 3085 1272 3142 fervore
1284 3085 1482 3156 disrumpens,
1494 3086 1614 3155 sumptu
1626 3100 1696 3139 sane
1708 3101 1765 3141 non

60 3171 136 3229 alias
152 3171 278 3230 stolidus
292 3177 320 3230 61
330 3174 454 3247 agrestis
469 3178 547 3231 totus
561 3175 689 3248 parebat,
701 3181 734 3231 ut
748 3174 799 3248 661
815 3178 887 3232 16616
941 3173 1062 3248 ignobili
1077 3175 1162 3243 facto,
1176 3175 1231 3229 iter
1244 3190 1353 3247 magna
1365 3189 1419 3246 ope
1429 3174 1567 3228 maturat.
1577 3170 1711 3229 Sociatus
1721 3176 1767 3229 661

59 3259 260 3318 infirmiorum
288 3278 356 3318 eum
385 3268 583 3337 conspexerat,
609 3264 702 3320 risum
725 3268 822 3321 tenere
841 3263 888 3319 vix
941 3263 966 3321 61
984 3264 1125 3319 bernacer
1141 3263 1260 3335 quidam
1285 3262 1420 3329 clericus,
1437 3261 1530 3317 multo
1554 3263 1621 3316 ante
1636 3264 1766 3333 tempore

60 3353 171 3423 posset.
183 3351 312 3423 'regendi
326 3352 456 3425 corporis
467 3352 556 3408 etiam
567 3356 595 3408 et
608 3352 849 3408 verecundiorum
861 3353 887 3408 ei
941 3369 1008 3410 cum
1024 3353 1219 3410 warimberto
1241 3351 1300 3419 illo,
1317 3352 1352 3408 66
1377 3368 1434 3423 666
1461 3366 1552 3423 66666
1574 3349 1685 3405 dictum
1709 3352 1763 3417 est,

59 3455 132 3496 cura
148 3443 312 3512 postrema;
323 3440 516 3513 similiterque
527 3440 584 3497 cibi
594 3441 636 3498 vel
649 3446 735 3514 potus
749 3441 887 3515 longece·
941 3440 1027 3498 hfetis
1042 3442 1119 3514 apud
1142 3440 1296 3497 ecclesiam
1322 3440 1416 3496 sancti
1438 3437 1596 3496 Salvatoris
1620 3443 1764 3507 versatus,

59 3529 130 3585 teris
148 3527 323 3585 mortalibus
339 3547 410 3585 usus
424 3528 586 3586 dissimilis.
599 3530 728 3588 Medium
738 3530 886 3604 integrum
941 3547 1031 3586 manu
1046 3529 1165 3586 libraria
1188 3529 1293 3586 ceteris
1307 3530 1371 3601 ejus
1387 3528 1529 3600 temporis
1552 3545 1611 3585 nou
1634 3526 1764 3593 inferior,

60 3616 209 3674 16616616
224 3633 318 3673 unum
341 3617 512 3691 plerumque
537 3635 642 3691 panem
659 3620 818 3693 redegerat,
836 3620 887 3693 qui
941 3619 1065 3676 canendi
1080 3618 1235 3692 disciplina
1249 3619 1409 3673 admodum
1424 3620 1577 3689 prestans,
1591 3616 1641 3671 666
1652 3620 1682 3672 61
1692 3616 1765 3671 66116

60 3721 195 3763 mensem
206 3708 257 3761 661
267 3710 342 3762 66616
350 3707 424 3765 6666
432 3707 457 3764 61
466 3707 718 3776 661666661,66666
726 3725 783 3780 666
795 3707 887 3763 nimia
941 3707 1135 3764 calculatoriae
1156 3705 1402 3773 studiosissimus,
1419 3709 1580 3776 ceteroque
1601 3701 1718 3776 ingenio
1734 3702 1764 3758 in

59 3793 172 3851 duritia
186 3794 245 3851 nisi
260 3795 354 3852 securi
378 3813 436 3853 non
459 3801 558 3869 posset
581 3796 744 3870 effringere,
761 3796 886 3870 indeque
941 3797 1028 3852 rebus
1044 3812 1102 3851 non
1117 3793 1273 3856 minimum
1290 3792 1413 3867 pollens,
1425 3791 1505 3848 tenui
1520 3791 1638 3864 quidem
1656 3807 1696 3859 re,
1713 3792 1763 3848 sed

59 3882 114 3940 sibi
130 3883 309 3956 particulam
322 3883 358 3942 ad
374 3885 490 3958 pondus
503 3885 607 3941 cotidie
623 3885 800 3959 preriperet.
813 3886 885 3943 ltcm
940 3883 1091 3940 devotione
1105 3883 1135 3938 in
1152 3881 1250 3938 divina
1264 3881 1373 3954 optime
1387 3879 1550 3937 cumulata.

58 3972 188 4031 lebetem
212 3973 545 4047 permaximum,hotere
569 3991 602 4030 66
623 3972 773 4047 legumine
796 3975 885 4031 simul
975 3974 1020 4029 25.
1038 3972 1194 4045 Postquam
1215 3986 1282 4026 vero
1308 3970 1431 4025 Romam
1445 3967 1564 4025 veniens
1578 3970 1646 4023 vcta
1670 3966 1763 4023 saneti

59 4061 195 4135 plenum,
211 4061 242 4117 in
257 4078 349 4118 unum
364 4063 486 4130 excoxit,
497 4064 575 4135 quod
591 4063 753 4137 repositum
768 4063 884 4133 cotidie,
941 4060 1076 4117 desiderii
1091 4061 1169 4117 circe
1188 4059 1252 4115 loca
1266 4075 1381 4131 666666
1396 4060 1498 4114 666616
1513 4054 1646 4129 explerit,
1658 4054 1765 4128 cupido

60 4151 133 4207 dum
144 4149 216 4223 quid
227 4148 337 4207 residui
352 4150 417 4220 fuit,
428 4150 464 4206 ad
478 4166 647 4208 mensuram
658 4168 735 4225 aqua
743 4153 836 4209 cruda
845 4170 887 4209 re·
940 4166 1006 4207 eum
1019 4149 1049 4205 in
1060 4148 1198 4205 ulteriora
1207 4146 1345 4204 tendendi
1355 4145 1484 4219 amplius
1494 4143 1591 4218 coepit.
1603 4143 1704 4217 lbiqua
1716 4143 1766 4200 ali·

60 4238 191 4296 solutum
202 4238 340 4312 percepit.
348 4239 450 4296 Subito
458 4238 588 4312 quolibet
596 4240 841 4314 mentisimpulsu
852 4259 886 4299 ex
940 4239 1047 4313 661666
1062 4255 1096 4294 cx
1106 4236 1246 4293 comitatu
1259 4235 1388 4303 relictus,
1400 4234 1463 4308 1666
1474 4250 1541 4290 cum
1552 4233 1690 4307 predicto
1700 4234 1765 4290 Ber

60 4327 180 4385 heremo
195 4345 227 4384 66
251 4327 408 4401 poripiens,
425 4327 509 4385 villas
525 4329 569 4365 ¹⁸³⁹
583 4333 613 4386 et
637 4328 769 4387 civitates
784 4331 885 4388 subin·
940 4345 1027 4386 naero
1038 4326 1198 4400 paucisque
1209 4325 1386 4398 quibusdam
1397 4322 1568 4396 expeditior,
1581 4338 1674 4394 66666
1685 4338 1764 4377 mon·

60 4417 157 4485 travit,
166 4417 297 4489 itemque
312 4422 429 4490 repente
440 4415 550 4474 cellule
564 4417 814 4476 condidit.Nnctis
824 4419 883 4493 ple·
899 4425 995 4493 Diem
1011 4414 1104 4472 sancti
1114 4413 1215 4488 hngeli
1226 4412 1410 4487 cognomine,
1422 4411 1472 4484 qui
1482 4413 1634 4484 Gargarum
1644 4408 1762 4476 6161166,

61 4522 187 4578 rumque
201 4505 298 4562 medio
309 4505 415 4563 missas
424 4523 555 4575 exorsus,
570 4507 696 4563 etiamsi
711 4507 753 4564 616
768 4508 884 4565 animus
939 4508 1021 4567 ocius
1031 4502 1223 4579 percucurrit.
1234 4502 1301 4575 lpse
1312 4506 1410 4557 tamen
1430 4500 1533 4557 itinere
1554 4501 1683 4554 montem
1694 4497 1763 4553 Cas·

60 4593 128 4650 16111
138 4592 469 4667 vesperi,autante,aut
480 4593 619 4652 66616616
629 4596 886 4671 crepusculo,post
939 4598 1038 4655 sinum
1055 4595 1138 4650 beato
1157 4590 1312 4647 benedicto
1336 4589 1481 4663 insignem
1496 4591 1526 4644 61
1540 4584 1764 4658 congregatione

61 4683 143 4740 61661
157 4682 285 4739 triduive
304 4682 465 4757 jejunium,
482 4687 515 4739 ut
538 4682 661 4741 66166116
676 4684 806 4757 66666616
819 4685 884 4753 1611,
939 4683 1150 4744 monachorum
1162 4681 1343 4752 frequentem
1353 4677 1533 4742 conscendit,
1548 4688 1676 4746 cumque
1690 4671 1764 4745 ipsis

61 4789 118 4829 non
145 4770 205 4828 diei
230 4787 289 4827 non
314 4770 407 4829 noctis
426 4771 521 4829 ullum
536 4777 653 4847 tempus
678 4772 708 4829 in
730 4773 885 4830 reficiendo
940 4770 1092 4832 serrisDei
1104 4768 1222 4842 6116666
1234 4761 1762 4839 61666666661661111,6666666666·

61 4864 210 4917 erratum
225 4864 281 4916 eet·
939 4862 988 4920 siti
1003 4859 1135 4934 vestigia,
1147 4874 1202 4931 qun
1212 4855 1253 4912 161
1269 4852 1411 4911 66666116
1422 4859 1604 4927 supererant,
1617 4854 1763 4913 curiosius
1852 4887 1857 4892 ·

92 4950 140 5006 23.
152 4948 195 5006 116
206 4949 293 5021 cujus
304 4949 533 5006 conversationis
544 4951 623 5008 vario
633 4951 768 5024 preludio
779 4951 885 5009 lohan-
939 4947 1107 5024 exploravit.
1125 4943 1277 5003 interioria
1291 4942 1380 5000 etiam
1400 4941 1451 4997 illa
1465 4941 1572 4999 marini
1587 4943 1681 5012 sinus,
1699 4960 1763 5017 que

736 5092 857 5151 ValtlAE
877 5091 1086 5151 ascalonus,
1240 5172 1243 5178 y

94 5188 241 5246 ¹²³’uulas
256 5207 326 5247 corr.
343 5189 478 5247 uuilaac.
518 5192 563 5226 ¹⁵⁸⁰
573 5194 601 5247 et
617 5195 809 5263 sequerentur
825 5191 908 5250 l.vel
923 5189 1151 5261 exsequerentur
1164 5188 1191 5240 2.
1232 5184 1274 5218 ¹³⁸¹
1292 5185 1423 5237 remotus
1440 5183 1464 5236 l.

848 5316 967 5374 NOTAE.

92 5415 166 5557 63616
184 5412 333 5541 1[16616666
344 5415 489 5487 Argonne.
972 5412 1047 5483 (366)
1064 5408 1267 5475 Montfauonn;
1283 5405 1348 5462 vide
1364 5405 1444 5463 Flod.
1462 5406 1496 5463 ΙΙ.
1514 5406 1547 5463 a.
1564 5424 1603 5482 nv,
1619 5406 1663 5463 39.

104 5522 109 5538 .
129 5488 156 5538 46
192 5520 215 5539 2.
250 5500 276 5539 ·..
