3900 6090
99 313 138 375 3¹1
634 350 637 358 -
750 310 866 373 LIBER
887 307 938 371 uit
959 307 1157 374 cautuae.
1763 312 1803 377 88

100 444 639 522 progredientibus,uqualiterqueper
649 462 682 500 rx
698 444 813 519 partitis
829 443 870 498 nil
881 444 967 512 sul,
983 444 1800 522 nemsui,undeetquinquennium(leavideturlustrum).

99 537 252 612 perfuerit,
268 535 444 593 duodecima
456 535 515 592 dici
530 535 648 602 hora,et
661 533 743 604 vo,id
760 532 926 602 cst,ultimo

100 627 235 698 ejusdem
258 626 337 682 hore
355 629 464 698 puncto
488 622 570 680 illam
586 623 705 680 accendi
730 621 854 691 noveris,
871 621 926 678 hoe

100 721 216 773 certum
233 715 344 771 habeus
356 731 508 786 nunquam
524 713 552 769 in
569 717 661 783 tracte,
674 713 723 769 sed
737 728 852 784 semper
860 728 925 768 eam

101 807 131 861 in
147 805 196 861 die
210 803 342 860 accendi.
355 805 393 859 At
407 803 432 859 si
448 819 499 875 per
511 803 588 858 diem
599 804 806 876 argumentum
821 818 880 874 qua
895 800 926 856 iu

100 913 157 954 sua
171 895 345 951 accensione
370 896 463 947 mutet
477 896 601 960 uitatem,
619 891 746 947 invenire
765 891 924 959 desideras,

101 985 256 1058 praefatum
274 982 387 1055 cyclum
401 981 494 1037 sexies
510 980 682 1050 multiplica,
699 987 727 1035 et
742 985 812 1053 quot
827 981 856 1035 in
877 998 926 1036 su-

101 1072 338 1147 periorinumero
348 1070 514 1127 sexenarios
525 1069 673 1135 habueris,
681 1069 774 1124 inibis
785 1070 926 1125 monades

103 1163 192 1231 adde,
215 1159 320 1232 junctis
344 1157 466 1231 insuper
487 1158 604 1230 punctis
637 1157 694 1212 illis
718 1158 767 1229 qui
794 1154 927 1215 sextariis

103 1248 311 1324 superfuerint.
328 1249 382 1315 Qui
398 1247 423 1304 si
442 1246 520 1303 ultra
543 1265 597 1302 xxx
620 1248 807 1315 excreverint,
825 1247 926 1303 recisis

102 1344 246 1414 quotquot
254 1337 454 1411 superfuerint
464 1354 529 1404 xxx,
538 1335 588 1408 qui
600 1337 804 1407 remanserint,
812 1341 926 1393 atatem

100 1430 155 1486 tibi
171 1429 303 1502 pandent
317 1443 406 1500 quam
422 1425 492 1482 luna
511 1426 541 1481 in
567 1425 638 1482 hora
662 1443 721 1482 sua
746 1426 926 1482 accensionis

102 1524 149 1575 cst
171 1516 315 1592 ingressa.
341 1515 488 1573 Hactenus
513 1515 567 1571 hac
592 1515 765 1588 quotidiana
788 1514 927 1572 dicuntur

105 1610 289 1680 argumenta,
305 1608 377 1678 quot
392 1603 517 1678 singulis
543 1609 695 1662 mutentur
718 1604 822 1662 diebus
836 1624 842 1674 ;
858 1604 926 1662 hinc

105 1697 143 1754 ad
158 1712 254 1752 annua
267 1695 432 1752 veniamus.

397 1793 513 1850 CAPUT
533 1793 629 1852 XXlll.

140 1887 262 1955 Qualiter
272 1885 430 1941 inveniatur
443 1887 512 1939 anni
524 1884 559 1945 at
570 1886 757 1941 incanutienc
770 1886 890 1942 Domini.

139 1976 271 2032 Primum
286 1974 377 2048 igitur
392 1991 484 2030 annos
509 1973 546 2029 ab
571 1974 770 2030 incarnatione
799 1975 926 2041 Domini,

103 2063 232 2137 qualiter
246 2062 412 2119 inveniendi
427 2062 497 2129 sint,
513 2062 675 2128 videamus,
691 2066 724 2118 ut
738 2079 789 2135 per
809 2080 858 2119 eos
873 2081 926 2119 ear-

103 2159 167 2209 teru
181 2156 355 2226 argumenta
369 2151 665 2223 reperiamusetnnos
680 2152 771 2224 igitur
785 2154 822 2208 ab
838 2155 929 2210 incar-

103 2243 222 2299 natione
238 2241 365 2308 Domini,
381 2245 451 2312 quot
466 2241 537 2309 sint,
552 2241 734 2310 inventurus,
751 2259 835 2299 sume
850 2244 927 2299 ordi·

102 2333 187 2388 dines
204 2331 397 2386 indictionum
412 2346 475 2401 que
494 2329 624 2385 fluerunt
648 2331 684 2386 ab
709 2331 773 2402 ipsa
797 2332 928 2388 incarna-

103 2421 184 2476 tione
197 2437 291 2492 usque
303 2435 390 2489 nunc,
398 2419 426 2474 id
442 2423 487 2475 cst
497 2419 648 2491 axxt,quia
658 2419 781 2492 singulte
795 2421 928 2478 indictio

102 2526 156 2565 nes
172 2508 416 2581 quindecinorum
431 2512 554 2563 currunt
568 2506 747 2565 revolutione
762 2526 926 2580 annorum;

102 2597 438 2670 pradictumnumerum
450 2594 614 2669 multiplica
619 2612 721 2668 perxv,
729 2597 927 2654 etfruntmille

103 2704 173 2743 xxv:
183 2687 229 2742 his
239 2686 314 2742 adde
324 2703 375 2752 xri,
387 2685 457 2757 quia
467 2686 584 2758 quaudo
599 2685 664 2758 ipsa
675 2686 838 2743 incarnatio
851 2688 927 2744 lacta

103 2780 206 2843 est,x11
218 2775 285 2830 euni
297 2775 332 2831 de
343 2773 394 2830 illa
405 2774 564 2833 indictione
574 2780 929 2847 praecesserantctxures·

102 2865 219 2921 tabant.
229 2865 286 2920 llos
297 2880 365 2937 ergo
377 2864 427 2936 qui
438 2864 765 2937 remanserantpraefato
773 2866 866 2939 junge
877 2884 928 2922 nu-

103 2952 927 3028 mero,ettiuntmilleaxxvu.Addesemperillius,dequo

102 3043 214 3114 quaeris
224 3043 421 3108 indictionem,
429 3042 506 3098 sicut
516 3041 570 3098 hoc
581 3058 723 3112 annexui,
731 3047 760 3099 et
770 3043 841 3099 flent
848 3043 927 3101 mille

101 3131 212 3191 zelati
223 3132 367 3189 suntaani
380 3131 417 3187 ah
436 3131 636 3187 incarnatione
646 3131 774 3188 Domini.
786 3132 928 3190 Similiter

102 3219 231 3295 singulis
241 3221 326 3276 annis
340 3221 438 3289 facito,
455 3224 484 3276 et
499 3237 591 3278 annos
606 3220 722 3278 Domini
744 3222 807 3278 sine
831 3238 927 3280 errore

103 3310 242 3384 reperies.
268 3309 326 3367 lloc
350 3314 467 3366 tantum
492 3315 701 3377 memoresto,
726 3316 769 3379 ut,
795 3329 863 3369 cum
890 3331 928 3372 xv

103 3404 254 3457 transacta
268 3399 356 3456 fuerit
368 3399 500 3468 indictio,
517 3403 546 3456 et
560 3400 655 3456 denuo
679 3401 774 3473 prima
797 3402 925 3472 redierit,

102 3489 138 3545 ad
153 3489 310 3561 prefatum
326 3504 482 3545 numerum
498 3505 591 3544 unum
606 3506 723 3563 semper
745 3490 878 3563 adjicias,
896 3492 925 3550 id

102 3584 157 3647 est,
169 3596 225 3634 non
237 3578 302 3650 jam
318 3595 380 3634 nxxr
395 3578 473 3634 sicut
487 3579 634 3644 nuuc,sed
649 3596 724 3636 axxu
736 3579 924 3654 multiplices,

100 3673 130 3722 et
145 3667 267 3741 reliqua,
284 3674 318 3724 ut
331 3669 443 3725 dictum
458 3673 513 3735 est,
530 3669 674 3726 observes.

400 3766 516 3825 CAPUT
534 3766 630 3824 xxm.

122 3855 200 3928 Drica
216 3858 408 3922 indictionum,
423 3864 450 3914 ct
468 3858 585 3984 quatiitcr
599 3858 717 3929 situatis
732 3863 813 3915 unius
830 3862 906 3916 inec·

447 3945 517 3984 ruaa
529 3945 574 3983 ur.

135 4017 311 4075 ladietiones
327 4020 472 4092 cujusque
495 4018 564 4074 anni
588 4018 717 4076 invenire
741 4021 922 4089 desiderans,

98 4122 184 4162 sume
199 4123 291 4165 annos
306 4106 434 4174 Domini,
446 4112 590 4180 quotquot
606 4109 716 4166 fuerint
730 4110 759 4165 in
775 4112 921 4183 prasenti,

97 4194 190 4251 ethis
205 4196 280 4255 adde
298 4195 446 4272 regulares
471 4197 595 4262 rmillas
619 4196 731 4255 scilieet
755 4217 848 4256 annos
873 4201 922 4273 qui

98 4292 310 4356 precesserant
324 4288 359 4344 de
373 4287 533 4344 indictione
548 4291 700 4360 quanatus
715 4289 921 4360 estDominus,

98 4377 133 4428 et
147 4377 238 4431 tetam
251 4375 328 4433 hanc
342 4392 490 4434 summam
505 4378 615 4451 partire
628 4395 680 4452 per
693 4395 740 4445 xv,
755 4383 785 4435 et
809 4379 859 4451 qui
878 4395 922 4436 re·

97 4464 345 4539 manserint,ipsa
358 4469 403 4524 est
418 4467 538 4526 indictio
553 4468 705 4540 presentis
721 4468 837 4526 anni.Si
848 4467 923 4526 nihil

96 4555 285 4622 remanserit,
299 4573 355 4614 xva
367 4557 433 4615 erit.

132 4639 331 4701 indictionum
341 4646 484 4720 originem
500 4648 601 4720 paucis
611 4648 707 4705 verbis
719 4649 830 4721 aperire
840 4647 921 4705 libet.

95 4729 214 4787 Dicitur
242 4737 338 4792 autem
365 4735 402 4792 ab
425 4737 590 4794 indicendo.
606 4737 680 4794 Cum
695 4737 773 4795 enim
798 4737 920 4796 Romani

95 4820 922 4900 omnibuspenegentibusimperarent,omnibustributa

93 4909 276 4977 indixerunt,
292 4929 356 4984 quae
371 4913 413 4970 eis
428 4915 530 4986 quinto
545 4932 621 4973 anne
636 4933 752 4989 semper
770 4917 920 4990 impende·

92 4998 279 5057 bantur.Sed
289 5001 385 5073 prima
400 5003 600 5076 quinquennio
616 5022 666 5074 as,
677 5006 806 5062 secdndo
821 5022 920 5080 argen-

94 5091 172 5157 tum,
180 5089 266 5145 tertio
280 5088 449 5147 solvebatur
458 5096 691 5160 aarumouarto
702 5112 805 5151 rursus
817 5113 834 5151 a
844 5096 921 5168 prin·

93 5178 172 5249 cipio
196 5180 395 5252 repetebatur,
410 5182 440 5238 id
467 5187 513 5239 est
540 5183 577 5240 ab
609 5199 684 5253 arrc3
709 5185 787 5242 unde
806 5185 919 5257 junctis

93 5267 285 5339 quinqueniis
299 5286 336 5326 xv
350 5286 494 5327 annorum
509 5271 683 5330 indictiones
703 5277 773 5330 sunt
796 5273 918 5348 singule

92 5356 286 5423 institute,et
296 5362 416 5416 cautum
423 5361 612 5420 estutnullus
623 5361 698 5421 liber
703 5367 795 5432 ratus,
803 5362 918 5422 nullum

92 5445 237 5518 principis
252 5448 382 5505 edictum
397 5453 496 5507 ratum
510 5449 678 5519 haberetur,
690 5453 768 5525 quod
783 5453 919 5511 indictio·

89 5537 919 5623 aemnonpreferret.Singulisautemquinquenuiispac·

90 5623 622 5707 uunee,m0eerat.tlrbemluetrure
630 5628 919 5713 meslabpurgutie

980 533 1099 600 dicitur,
1119 539 1147 590 et
1171 533 1306 603 lustrare,
1330 552 1463 609 purgare,
1480 537 1640 610 sepissime
1664 538 1800 595 dicimus.

981 622 1081 678 fiebat
1091 627 1191 680 autem
1201 623 1256 679 hac
1272 640 1372 681 mense
1383 626 1550 695 Februario,
1563 643 1649 700 quem
1665 628 1701 684 ab
1716 626 1771 685 boc
1786 645 1803 685 e

981 712 1104 779 februo,
1122 714 1150 767 id
1166 718 1211 770 est
1226 732 1242 769 a
1257 713 1379 770 Plutone
1394 721 1577 784 vocaverunt,
1594 734 1681 790 quem
1697 736 1802 792 purga-

980 804 1073 855 torem
1089 803 1255 858 credebaut.
1274 804 1417 858 Februare
1433 805 1510 859 euim
1536 823 1660 879 purgare
1684 809 1802 878 dicitur,

982 890 1039 944 imo
1056 894 1148 946 totum
1167 910 1296 948 mensem
1312 893 1369 946 diis
1381 893 1517 948 Manibus
1532 896 1748 954 dedicaverunt.

1284 991 1400 1045 CAPUT
1419 992 1499 1047 XXV.

1172 1079 1294 1147 Qualiter
1308 1089 1407 1152 epacte
1421 1084 1609 1140 inveniantur.

1015 1168 1139 1239 lipacius
1155 1167 1313 1239 cujuslibet
1328 1171 1395 1223 aauui
1414 1177 1591 1242 reperturus,
1605 1172 1676 1229 nibil
1693 1175 1804 1232 addens

980 1258 1065 1313 arinis
1080 1258 1195 1312 Domini
1211 1264 1262 1313 aut
1277 1259 1423 1325 minuens,
1433 1261 1562 1332 primum
1574 1279 1625 1334 per
1638 1280 1686 1319 xix
1698 1264 1804 1331 divide,

981 1351 1010 1401 et
1020 1349 1092 1417 quot
1103 1347 1310 1413 remanserint,
1321 1365 1424 1403 rursus
1440 1348 1605 1422 multiplica
1619 1368 1671 1425 per
1680 1370 1720 1420 xr,
1736 1359 1766 1410 et
1779 1355 1805 1410 si

981 1452 1122 1491 numerus
1138 1435 1186 1492 ille
1200 1436 1277 1491 infra
1299 1454 1354 1492 xxx
1378 1438 1562 1506 remanserit,
1582 1446 1700 1513 epactas
1724 1442 1805 1501 illius

981 1523 1049 1580 anni
1065 1540 1130 1580 esse
1145 1526 1232 1581 scias.
1249 1527 1330 1592 Quod
1346 1526 1370 1581 si
1387 1525 1464 1582 altra
1483 1530 1649 1600 excreverit,
1667 1531 1804 1601 sublatis,

981 1617 1110 1686 quotque
1125 1613 1247 1687 triginta
1257 1615 1366 1688 reperis
1377 1615 1510 1673 residuos
1521 1616 1588 1690 (cad.
1599 1621 1804 1679 remanserint.

980 1701 1038 1757 vid.
1055 1702 1097 1758 sic
1112 1703 1247 1759 mutand.
1264 1702 1390 1759 sublatis
1406 1703 1538 1777 triginta,
1551 1712 1622 1780 quot
1636 1709 1806 1784 reperis...),

941 1818 966 1888 B
981 1807 1033 1891 pro
1047 1791 1157 1865 epactis
1172 1791 1304 1849 habebis.
1322 1792 1350 1849 Si
1368 1791 1441 1848 nibil
1458 1798 1640 1867 remanserit,
1649 1796 1730 1856 nulla
1744 1805 1804 1870 est;

982 1897 1051 1953 qma
1065 1896 1117 1952 per
1135 1897 1182 1961 xix
1206 1897 1298 1936 annas
1323 1886 1492 1954 epactarum
1516 1883 1641 1942 volvitur
1665 1888 1803 1947 circulus.

983 1969 1091 2026 Idcirco
1099 1969 1312 2026 annosDomini
1320 1971 1637 2044 peripsumaumerum
1648 1979 1805 2051 partimur,

983 2058 1133 2115 residuum
1149 2075 1201 2131 per
1214 2077 1243 2114 xr
1258 2057 1503 2133 multiplicamus,
1520 2064 1590 2136 quia
1612 2069 1656 2123 tot
1680 2067 1806 2142 singulis

982 2148 1067 2203 annis
1083 2153 1253 2205 accrescunt
1277 2152 1394 2221 epactae.
1412 2150 1485 2207 llum
1510 2168 1625 2225 quoque
1649 2172 1805 2218 numerum

982 2252 1085 2291 rursus
1100 2253 1152 2308 per
1165 2253 1220 2292 xxx
1235 2238 1384 2305 metimur,
1402 2256 1489 2311 quem
1510 2247 1617 2315 epacte
1642 2261 1700 2302 non
1724 2264 1805 2306 exce·

982 2325 1074 2392 dunt;
1090 2326 1127 2381 ad
1144 2342 1235 2382 annos
1261 2327 1377 2383 Domini
1403 2345 1455 2385 nec
1479 2331 1615 2389 addimus
1644 2336 1805 2410 quidquam

982 2430 1034 2470 nec
1050 2413 1223 2483 minuimus,
1240 2415 1309 2487 quia
1324 2417 1441 2488 quando
1457 2422 1544 2476 natus
1560 2425 1605 2478 est
1619 2422 1762 2482 Dominus
1777 2443 1806 2484 xv

982 2509 1065 2560 erant
1080 2509 1199 2575 epacte,
1216 2504 1265 2559 ubi
1282 2505 1395 2577 incipiit
1409 2523 1473 2563 esse
1487 2509 1585 2582 cyclus
1601 2518 1781 2585 epactarum.

1280 2602 1396 2660 CAPUT
1415 2605 1510 2662 XXVI.

1011 2690 1145 2758 Qucraodo
1158 2692 1250 2762 metue
1264 2692 1330 2746 solia
1344 2694 1512 2760 inueniatur,
1528 2704 1553 2751 et
1566 2714 1616 2752 cur
1627 2716 1678 2770 per
1692 2719 1781 2759 xxvur

1270 2778 1356 2817 aanor
1374 2765 1518 2820 recurrat?

1018 2849 1239 2919 Concurrentes,
1257 2850 1286 2906 id
1301 2855 1346 2906 est
1360 2857 1478 2923 epactas
1494 2853 1564 2910 solis
1580 2857 1762 2929 inventurus,
1775 2864 1804 2920 in

982 2938 1066 2993 initio
1081 2939 1174 3011 ipsius
1190 2938 1260 2994 solis
1276 2939 1391 3014 cyclum
1406 2959 1458 3014 per
1472 2958 1560 3015 quom
1577 2955 1700 3006 currum
1715 2953 1804 3010 debes

982 3027 1126 3097 invenire3
1139 3028 1188 3101 qni
1200 3028 1308 3085 idcirco
1319 3045 1371 3101 per
1384 3047 1471 3087 xxvru
1487 3049 1579 3090 annos
1596 3036 1759 3112 revolvitur,
1772 3047 1805 3100 ut

982 3115 1105 3189 singulas
1121 3117 1330 3174 concurrentes
1342 3117 1371 3172 in
1395 3119 1557 3178 bissextum
1581 3126 1709 3199 venient,
1727 3132 1804 3202 quod

944 3190 1043 3260 Gfreri
1059 3222 1117 3260 non
1133 3211 1238 3278 potest,
1252 3206 1308 3262 nisi
1324 3211 1635 3279 pertetennos,cun1
1651 3216 1720 3290 ipsae
1736 3239 1804 3277 con·

981 3298 1131 3349 currentes
1146 3310 1239 3366 usque
1254 3296 1290 3350 ab
1306 3296 1504 3369 septenarium
1524 3302 1678 3373 proficiant
1701 3326 1803 3368 nume·

981 3387 1094 3448 rum,et
1108 3399 1165 3439 non
1181 3383 1237 3439 nisi
1253 3389 1357 3457 quarto
1372 3402 1448 3442 anno
1459 3402 1575 3463 semper
1589 3391 1734 3454 bissextus
1744 3415 1806 3459 eve-

981 3472 1052 3529 niat.
1070 3473 1177 3539 Ouater
1191 3474 1270 3530 enim
1283 3492 1435 3543 v11,xxv1u
1450 3482 1529 3534 sunt.
1542 3480 1616 3554 Drgo
1631 3484 1744 3558 cyclum
1760 3507 1806 3548 so·

981 3559 1070 3617 larem
1099 3563 1213 3620 evenire
1241 3563 1372 3637 cupiens,
1404 3566 1440 3622 ed
1473 3584 1630 3628 numerum
1658 3592 1803 3636 annorum

979 3649 1095 3706 Domini
1110 3668 1226 3725 semper
1241 3653 1340 3710 addito
1355 3671 1394 3726 rx,
1411 3657 1480 3728 quia
1494 3661 1538 3714 tot
1563 3662 1632 3718 anni
1647 3681 1803 3736 pracesse·

979 3744 1049 3795 runt
1063 3740 1098 3796 de
1114 3741 1215 3799 eodem
1230 3758 1352 3800 numero
1367 3744 1462 3817 ipsam
1478 3745 1719 3823 incarnationem,
1728 3759 1804 3813 tum·

980 3845 1035 3901 que
1050 3827 1125 3885 hanc
1141 3847 1288 3888 summam
1304 3833 1399 3889 divide
1414 3849 1466 3905 per
1478 3851 1548 3905 xvu,
1560 3843 1589 3894 et
1605 3847 1676 3912 quot
1691 3859 1804 3902 reman-

979 3918 1080 3984 serint,
1096 3922 1176 3976 totus
1191 3926 1236 3978 est
1251 3921 1399 3978 senessi
1415 3926 1517 3984 autem
1529 3924 1601 3983 nihil
1618 3934 1801 4003 remanserit,

977 4021 1120 4065 xxvuuus
1135 4013 1189 4066 est.

1267 4099 1383 4158 CAPUT
1402 4101 1510 4160 XXVII.

1053 4193 1092 4248 Ad
1108 4189 1283 4249 inveniendas
1298 4199 1487 4249 concurrentes
1506 4196 1637 4270 cujtuquc
1651 4203 1729 4259 anni.

1013 4283 1095 4356 Ipsas
1109 4298 1176 4339 vero
1200 4285 1406 4338 concurrentes
1428 4280 1553 4355 alicujus
1578 4288 1646 4344 anui
1670 4289 1802 4351 invenire

977 4373 1158 4439 desiderans,
1174 4386 1258 4427 sume
1273 4386 1348 4443 sape
1363 4372 1498 4444 praefatos
1519 4390 1611 4431 annos
1630 4376 1757 4449 Domini,
1773 4387 1803 4439 et

977 4461 1046 4535 quia
1061 4477 1177 4534 semper
1191 4461 1295 4531 quarto
1310 4475 1386 4516 anno
1402 4478 1479 4518 unus
1494 4462 1531 4517 ob
1546 4462 1709 4523 bissextum
1725 4472 1803 4525 tran-

939 4549 1086 4634 psilitur,
1103 4549 1194 4606 totius
1209 4548 1323 4605 numeri
1339 4554 1474 4621 quartem
1490 4556 1604 4625 partem
1625 4555 1756 4627 adjicies,
1772 4563 1802 4639 et

978 4639 1086 4699 additis
1101 4639 1222 4711 insuper
1237 4635 1421 4710 regularibus
1436 4656 1476 4711 rv,
1492 4641 1562 4714 quia
1579 4646 1623 4700 tot
1646 4661 1800 4718 pracesse·

975 4734 1044 4785 runt
1072 4731 1283 4785 concurrentes
1308 4742 1419 4784 annum
1446 4730 1602 4786 Dominicis
1627 4733 1799 4805 nativitatis,

975 4821 1069 4875 totum
1085 4817 1163 4875 hune
1178 4833 1334 4873 numerum
1351 4834 1403 4891 per
1416 4836 1456 4875 vn
1475 4819 1581 4891 pivide,
1597 4825 1626 4875 et
1650 4827 1723 4893 quot
1746 4841 1796 4879 sa-

974 4910 1108 4979 pcrsunt,
1133 4907 1168 4963 ad
1192 4907 1324 4978 ejusdem
1349 4908 1418 4963 anni
1444 4912 1652 4965 concurrentes
1676 4915 1752 4967 tene.
1769 4914 1799 4970 Si

975 4995 1047 5050 nibil
1063 4995 1251 5067 remanserit,
1266 5012 1307 5051 vu
1321 5012 1385 5051 esse
1401 4995 1486 5050 scito.

1259 5083 1376 5139 CAPUT
1390 5082 1512 5140 XXVlll.

1169 5173 1269 5240 Ductus
1283 5187 1373 5226 cianus
1383 5173 1420 5227 sit
1435 5189 1452 5228 a
1467 5173 1603 5233 hurmio?

1010 5262 1113 5319 Utrum
1128 5278 1195 5317 vero
1210 5259 1356 5317 bissextus
1375 5259 1420 5318 vel
1439 5268 1546 5337 quotus
1571 5266 1608 5322 ab
1631 5268 1732 5323 codem
1760 5267 1798 5325 sit

973 5369 1079 5420 annus,
1095 5348 1232 5423 perfacile
1246 5354 1291 5406 est
1306 5347 1444 5408 iuvenire.
1460 5354 1553 5411 Annis
1577 5355 1654 5411 enim
1680 5357 1796 5416 Domini

973 5443 1116 5516 quotquot
1131 5437 1249 5512 fuerint,
1266 5437 1347 5498 nullo
1360 5441 1405 5502 vel
1419 5442 1518 5502 addito
1533 5442 1577 5500 vcl
1593 5443 1733 5521 detracto,
1746 5465 1797 5522 per

972 5543 1002 5590 rv
1016 5526 1127 5603 divisis,
1144 5532 1214 5608 quet
1229 5532 1432 5604 emerserint,
1448 5536 1528 5594 totus
1543 5536 1588 5594 est
1602 5551 1698 5596 annus
1709 5536 1795 5597 abis·

973 5628 1063 5696 sexto,
1076 5623 1101 5683 si
1113 5624 1187 5684 nihil
1202 5629 1387 5701 remanserit,
1404 5627 1551 5687 bissextus
1566 5632 1621 5688 est.
1629 5631 1726 5690 Potest
1739 5628 1795 5690 hoe
