3900 6090
124 295 181 357 801

572 296 688 359 Lllliiil
710 297 760 357 DE
783 294 995 358 MlllllCULlS
1018 297 1157 358 SANCTl
1180 299 1380 361 MleMlNI.

1770 305 1829 367 802

123 429 174 502 qui
192 429 379 502 postmodum
397 433 483 483 tantm
508 429 548 483 rei
575 429 657 484 testis
680 429 817 502 plurimis
843 429 949 484 advixit
964 431 990 498 Α
1006 429 1158 486 ecelesiam
1174 431 1299 504 propriis
1315 431 1830 509 lacultatibusdotavit,quatenuset

122 517 220 575 clanis.
233 519 339 576 Beatus
354 533 440 591 porro
458 517 568 587 Avitus,
586 519 731 574 bemanus
757 518 871 592 fugiens
886 518 948 574 luu-

121 607 185 675 des,
205 624 308 663 rursus
324 607 360 663 ad
376 607 461 663 sedes
477 610 581 679 optatu
596 606 716 663 secessit
733 608 849 679 quietis.

440 696 557 752 CAPUT
584 696 631 752 lll.

363 786 400 840 Dr
413 794 505 842 coacto
527 785 707 842 Tlreortcmiro.

160 875 204 930 to.
221 875 296 930 Sane
308 873 377 945 quia
390 873 948 945 iratresllticiucoosessinopastoreesse

122 980 182 1018 ιιοιι
199 968 344 1036 poterant,
360 963 455 1017 virum
472 963 586 1017 Domini
603 963 830 1018 Tlreodemirum
852 964 948 1018 arronis

120 1052 308 1125 congregatio
324 1052 379 1106 sibi
397 1050 478 1124 eligit
498 1056 703 1123 pastoremque
728 1052 879 1124 praeponit.
897 1052 948 1107 llic

119 1145 220 1197 autem
236 1141 448 1196 Tbeodemlrus
464 1141 545 1195 bonae
561 1140 711 1213 gravitatis
727 1146 756 1196 et
779 1140 854 1197 inter
878 1158 948 1196 suos

120 1245 234 1304 magna
258 1229 423 1285 reverentia
448 1233 519 1296 erat,
543 1230 631 1285 etiam
658 1234 815 1302 antequam
840 1235 947 1286 sanctu

119 1317 351 1375 conversationis
366 1316 516 1373 schemate
533 1321 674 1374 uteretur.
687 1318 752 1374 Fuit
763 1319 841 1374 enim
853 1318 947 1391 primo

118 1411 229 1462 sancte
245 1406 345 1462 Crucis
361 1405 529 1473 canonicus,
545 1411 582 1475 et,
600 1413 633 1461 ut
647 1406 777 1480 plerique
793 1413 949 1464 autumant

118 1496 210 1551 ctiam
225 1496 362 1551 decanus.
381 1495 417 1550 Ut
431 1500 528 1550 autem
546 1496 708 1552 monachus
724 1497 949 1553 bereteacuuso

119 1583 281 1655 plurimum
298 1583 436 1658 prestitit,
450 1585 519 1656 quia
530 1585 600 1639 dum
613 1584 731 1640 baberet
743 1602 871 1641 sororem
884 1603 947 1657 qua

119 1672 317 1748 caligantibus
328 1672 419 1728 oculis
430 1673 494 1728 luce
506 1673 683 1746 privabatur,
692 1674 859 1730 baecsancto
870 1678 948 1730 etve-

120 1762 244 1818 nerobili
263 1763 339 1818 Patri
357 1762 514 1818 Maximino
530 1761 628 1817 obluta
643 1767 671 1817 et
687 1780 738 1835 per
751 1763 864 1818 Domini
881 1780 946 1835 gra·

120 1850 193 1908 tiam
211 1852 274 1907 sino
290 1868 372 1907 mora
389 1851 554 1906 illuminata
569 1859 622 1906 est.
640 1855 772 1916 Quantus
787 1857 884 1906 aulem
902 1852 948 1908 bic

120 1940 165 1995 vir
180 1940 296 1996 Domini
312 1941 523 1996 Theodemiras
538 1940 568 1994 in
584 1946 685 1996 salicta
700 1940 838 2013 religiono
850 1942 946 2009 luerit,

120 2030 190 2085 ilnis
206 2031 316 2098 edocet,
333 2031 362 2084 in
379 2046 437 2102 quo
450 2029 547 2085 omnis
558 2029 623 2085 laus
634 2046 735 2086 secure
747 2030 948 2085 canitur.Nam

120 2119 193 2174 dum
218 2117 248 2173 in
273 2119 410 2174 extremis
437 2124 545 2191 ageret,
563 2119 665 2174 beatus
691 2119 835 2186 Lisardus‚
853 2119 948 2191 quiin

119 2207 183 2264 vico
199 2208 392 2281 Magrlunensi
406 2206 569 2264 solitariam
586 2208 706 2282 gerebat
720 2209 820 2273 vitam,
833 2208 862 2264 in
875 2225 951 2264 som-

121 2297 169 2353 nis
184 2301 229 2353 est
243 2297 412 2353 admonitus
427 2302 460 2352 ut
475 2297 650 2371 quantocius
665 2297 785 2363 veniret,
797 2303 824 2353 et
840 2298 950 2352 exitum

120 2385 430 2442 abbatisvueodemiri
443 2386 566 2441 Domino
580 2385 950 2453 commendaret.Quiillico

115 2466 248 2549 vsurgens
263 2476 317 2532 iter
327 2475 517 2548 arripuit,serl
527 2481 685 2548 antequam
695 2476 729 2530 ad
740 2475 950 2535 monasterium

123 2564 296 2637 perveniret,
313 2563 432 2620 elevatis
448 2563 477 2619 in
494 2562 600 2618 crolum
610 2561 821 2618 oculisviditin
831 2561 952 2618 sublimi

124 2653 229 2709 choros
244 2653 415 2726 angelorum
432 2652 561 2708 animam
578 2651 668 2724 hujus
684 2651 778 2707 sancti
793 2651 845 2707 viri
858 2652 886 2707 in
898 2669 953 2707 cra·

124 2741 169 2798 los
184 2742 365 2814 portantium
382 2748 469 2814 atquc
484 2741 644 2797 dicentium
659 2758 665 2794 :
678 2742 776 2796 Beatus
788 2741 952 2813 qucroclcpi·

124 2832 163 2887 ιιι·
175 2839 202 2887 ct
216 2833 400 2903 assumpsisti,
418 2830 583 2886 intrabitatit
601 2833 628 2885 ta
645 2833 725 2886 atriis
741 2833 806 2885 tois.
824 2829 954 2885 Habebat

131 2924 231 2977 summ
247 2920 325 2976 idom
339 2919 551 2976 'theodemirus
566 2936 600 2974 ex
611 2936 719 2986 sorore,
728 2919 762 2974 de
774 2921 901 2991 quajam
914 2919 955 2973 di-

128 3009 237 3078 ximus,
255 3013 388 3082 nepotem
405 3009 523 3064 nominc
539 3008 741 3064 Maximinum.
755 3007 790 3064 Ut
804 3012 902 3063 autem
914 3007 955 3064 sic

128 3103 291 3166 vocaretur,
309 3114 428 3154 oausam
453 3098 657 3167 existimanus,
674 3097 717 3154 vel
743 3098 812 3170 quia
837 3097 880 3152 vir
904 3096 955 3153 Dei

1004 517 1125 575 clericos
1141 520 1190 592 qui
1215 520 1272 575 Deo
1296 521 1438 577 servirent
1461 521 1591 592 haberet,
1608 529 1637 580 et
1652 525 1776 583 lucerne
1802 533 1831 585 et

1004 606 1052 662 alii
1069 613 1262 680 congruentes
1278 615 1399 666 ornatus
1414 611 1440 665 ei
1456 628 1512 666 non
1529 613 1672 669 deessent.

1040 699 1083 751 12.
1100 699 1230 770 Caurique
1245 698 1304 752 bae
1321 699 1422 754 multis
1434 700 1767 773 mansisseutaetatibus,
1777 723 1831 763 coe·

1003 785 1046 857 pit
1061 785 1174 841 devotio
1189 787 1372 843 Micinceusis
1387 788 1508 845 coenobii
1525 795 1553 844 et
1573 791 1704 847 studium
1729 810 1829 850 moue-

1003 874 1082 929 stica
1093 874 1156 929 vita
1172 875 1297 930 amolliri
1308 881 1336 932 et
1346 877 1643 936 saculidilectoribus
1659 882 1767 953 partim
1783 901 1829 940 eu·

1003 963 1134 1034 pidilote,
1151 982 1214 1035 quar
1231 971 1325 1020 mater
1340 972 1383 1022 cst
1400 967 1533 1023 onmium
1554 968 1711 1037 mulorum,
1722 973 1829 1044 parlim

1003 1051 1831 1132 incursioncbostiea,qu.eexAquitanicaimpugnatione

1002 1141 1103 1196 crebro
1118 1142 1267 1216 obtingere
1283 1144 1404 1199 solebat.
1413 1145 1465 1201 Per
1480 1146 1557 1201 idem
1573 1147 1651 1203 euim
1663 1153 1780 1221 tempus
1791 1151 1832 1206 ia-

1003 1233 1046 1284 ter
1061 1229 1174 1303 Pippini
1185 1232 1274 1287 duces
1286 1237 1314 1287 et
1324 1232 1499 1288 Wailariam
1507 1235 1720 1306 Aquinatorum
1732 1254 1831 1311 regem

1002 1316 1098 1391 gravis
1115 1324 1143 1376 et
1159 1320 1299 1375 diuturna
1314 1321 1491 1377 conflictatio
1513 1323 1724 1396 rempublicam
1743 1327 1831 1383 Fran-

1003 1423 1103 1463 corum
1120 1424 1177 1464 noa
1193 1409 1307 1464 modico
1330 1409 1494 1490 profligavit
1517 1413 1636 1482 damno,
1652 1415 1831 1488 tandemque

1003 1497 1080 1568 apud
1096 1497 1258 1552 Toareense
1273 1497 1416 1566 (Tlrouars,
1434 1500 1511 1570 apud
1528 1497 1682 1573 Pictones),
1700 1508 1831 1561 castrum

1008 1589 1092 1656 capto
1102 1585 1140 1638 W
1142 1585 1243 1641 aisario
1258 1603 1375 1642 summa
1389 1604 1484 1642 rerum
1500 1589 1536 1643 ad
1554 1588 1708 1663 Pippinum
1718 1607 1833 1650 eonces-

1003 1673 1051 1729 sit.
1070 1674 1120 1729 llis
1137 1675 1194 1729 iere
1210 1675 1400 1747 tenrporibus,
1419 1681 1449 1730 ut
1464 1677 1523 1731 orsi
1545 1695 1673 1747 eramus,
1688 1679 1770 1736 locus
1786 1700 1834 1737 su·
1881 1699 1887 1705 ·

1007 1763 1832 1836 prarliclusprrrdictomodoaobilisudeoestannullatus,

1004 1857 1036 1905 ut
1051 1867 1136 1906 nenio
1149 1851 1188 1904 ibi
1206 1856 1304 1922 posset
1319 1869 1436 1907 munere
1449 1854 1671 1924 monachorum,
1681 1857 1732 1912 sed
1749 1857 1833 1913 babi-

1004 1937 1102 1994 tacula
1117 1955 1217 1993 eorum
1233 1946 1283 1994 aaut
1299 1947 1396 1996 essent
1415 1941 1574 1997 diversorio
1593 1944 1788 2014 saecularium,
1806 1952 1834 2002 et

1005 2026 1193 2094 seminarum,
1210 2032 1259 2081 aut
1276 2027 1392 2084 stabula
1407 2045 1550 2101 equorum
1574 2035 1602 2086 et
1625 2032 1773 2105 pastiones
1789 2051 1836 2091 ca·

1006 2134 1087 2172 num.

1042 2207 1085 2260 13.
1102 2205 1296 2277 Temporibus
1311 2206 1401 2280 igitur
1412 2208 1483 2263 diva
1505 2210 1651 2266 memoria
1667 2211 1760 2268 Caroli
1774 2216 1835 2269 bu-

1005 2295 1835 2369 gusti(cognomentoMagni)disponentererumomuium

1006 2384 1130 2439 Domino
1142 2384 1280 2438 eunrdem
1292 2384 1389 2440 locum
1401 2386 1531 2457 pristina
1542 2388 1663 2444 reddere
1675 2389 1835 2458 nobilitati;

1007 2472 1187 2528 Theodullus
1200 2473 1401 2530 nobilissimus
1411 2479 1440 2528 et
1451 2477 1583 2532 moribus
1594 2482 1622 2531 et
1633 2494 1836 2550 generasenor-

1007 2562 1133 2633 rimique
1148 2562 1257 2634 ingenii
1282 2561 1502 2619 Aurelianensis
1526 2564 1659 2620 Ecclesiae
1682 2566 1837 2640 episcopus

1008 2651 1194 2722 subrogatur.
1204 2650 1255 2706 Hic
1267 2650 1366 2722 itaque
1377 2651 1470 2706 multu
1481 2651 1628 2707 industria
1639 2659 1756 2709 certans
1765 2671 1836 2726 qua·

1008 2744 1095 2795 tenus
1106 2741 1183 2795 idem
1195 2740 1277 2796 locus
1287 2740 1316 2794 ia
1325 2740 1480 2812 antiquum
1492 2745 1674 2797 revocaretur
1683 2741 1835 2811 honorem,

1009 2829 1116 2884 domin
1128 2829 1275 2902 contiguis
1284 2829 1453 2902 regionibus
1466 2830 1565 2885 minus
1575 2829 1695 2887 idoneos
1708 2831 1837 2889 iuvenis·

1010 2923 1054 2974 sot
1069 2920 1105 2973 ad
1117 2919 1145 2973 id
1155 2917 1342 2973 efficiendum
1354 2918 1524 2986 monachos,
1532 2936 1566 2975 ex
1579 2919 1766 2992 Septimania
1775 2936 1837 2991 par·

1010 3007 1089 3063 tibus
1105 3008 1160 3079 (te)
1177 3007 1405 3079 aseivit,quibus
1429 3012 1457 3062 et
1481 3006 1577 3063 locum
1593 3007 1683 3080 dedit,
1692 3011 1720 3065 et
1735 3025 1780 3064 res
1796 3006 1836 3063 illi

1010 3097 1073 3152 loco
1088 3095 1158 3152 olim
1171 3097 1329 3153 attributas
1346 3097 1381 3153 de
1397 3114 1451 3152 suo
1467 3097 1588 3170 insuper
1602 3097 1714 3153 addens
1727 3100 1838 3153 contra·

129 3186 307 3244 Maximinus
323 3204 390 3244 eum
401 3187 436 3243 de
445 3203 527 3243 sucro
538 3186 616 3242 laute
627 3186 799 3259 susceperit,
810 3185 854 3242 vel
865 3184 954 3242 etiam
969 3167 992 3236 C
1011 3186 1095 3242 didit.
1108 3185 1139 3240 In
1156 3203 1215 3258 qua
1229 3203 1258 3241 re
1275 3202 1332 3241 nou
1350 3185 1485 3258 poenituit
1496 3201 1563 3241 eum
1574 3185 1641 3241 lacti
1653 3185 1699 3243 sui
1712 3202 1718 3242 :
1731 3187 1839 3259 quippe
1914 3211 1919 3215 ·

129 3280 225 3333 mater
239 3277 303 3348 ejus
318 3293 417 3333 amoro
432 3275 524 3348 patris
540 3274 619 3332 illius
636 3293 652 3331 a
668 3293 725 3349 quo
741 3273 908 3331 illuminata
918 3274 957 3329 lo·

129 3363 287 3432 ret,lllium
296 3365 338 3421 sic
348 3365 501 3420 nominare
512 3363 658 3420 maluerit.
667 3365 748 3420 Hune
761 3365 859 3436 itaque
872 3364 956 3420 beato

129 3453 274 3511 avunculo
290 3455 354 3526 ejus
370 3453 487 3527 sepulto
504 3455 548 3508 vir
563 3454 679 3509 Domini
697 3454 832 3509 Lilardus
848 3458 876 3509 et
893 3453 958 3508 Fra·

128 3548 189 3600 tres
205 3543 341 3599 abbatem
357 3542 480 3616 eligunt,
497 3548 525 3598 et
542 3544 571 3597 iu
588 3542 649 3598 loco
666 3544 832 3598 decedentis
848 3541 957 3598 substi-

129 3637 219 3688 tuunt
234 3649 240 3687 :
258 3632 308 3704 qui
324 3634 395 3688 dum
407 3632 523 3698 advixit,
533 3649 608 3687 cura
620 3631 715 3704 gregis
727 3631 781 3685 sibi
794 3630 955 3696 commissi,

130 3727 233 3795 utpote
249 3721 434 3795 disciplinam
459 3723 577 3777 Patrem
604 3727 732 3788 secutus,
750 3724 867 3776 strenue
885 3719 957 3774 invi-

129 3810 242 3885 gilavit.

168 3901 212 3955 ll.
229 3900 315 3956 Porro
332 3900 413 3956 locus
428 3917 485 3973 quo
502 3899 665 3956 beatissimi
690 3899 782 3955 Patris
807 3897 958 3955 Maximini

130 4005 238 4061 corpus
253 3987 417 4045 habebatur
432 3989 598 4055 humatum,
615 4004 683 4044 rum
709 3987 810 4043 multis
837 3987 959 4061 polleret

128 4079 273 4133 virtutum
288 4076 392 4150 signis,
404 4077 541 4149 primevo
557 4094 610 4133 suo
627 4083 755 4149 tempore
767 4093 873 4149 magno
887 4075 957 4132 eele-

130 4166 273 4222 brabatur
289 4165 407 4221 bonore.
424 4165 556 4238 Cumque
574 4164 659 4221 multi
677 4166 818 4221 beneficia
840 4166 958 4237 petituri

131 4255 332 4320 convenirent,
349 4259 378 4309 et
390 4271 441 4326 pro
455 4260 520 4310 voto
537 4271 583 4310 res
605 4253 739 4326 pluribus
764 4255 910 4322 cederent,
927 4258 959 4311 ut

131 4342 252 4410 assolet,
269 4342 381 4399 novitas
397 4343 521 4398 nimium
537 4347 619 4415 grata
644 4343 852 4398 beneficiorum
873 4343 960 4416 coepit

130 4432 271 4490 vilescere
286 4432 462 4506 negligentia
473 4437 668 4505 posterorum.
682 4432 737 4487 Sed
749 4431 778 4486 in
790 4432 958 4505 episcopata

1012 3275 1096 3348 cujus
1110 3275 1291 3347 temporibus
1303 3275 1333 3328 in
1347 3279 1462 3330 tantum
1474 3275 1538 3345 ejus
1550 3273 1605 3330 loci
1619 3273 1712 3347 gloria
1722 3274 1837 3341 enituit3

1012 3370 1044 3421 ut
1052 3365 1157 3421 veteris
1167 3364 1334 3438 ignominia
1343 3363 1469 3420 dedecus
1480 3364 1618 3421 honestus
1631 3364 1840 3437 superveniens

1012 3455 1233 3511 obumbraretct
1245 3453 1705 3526 preteritorumdispendialucru
1716 3469 1838 3526 sequen·

1011 3543 1052 3599 tia
1067 3547 1299 3616 compensarent.
1308 3542 1490 3598 Theodulsus
1502 3542 1591 3613 igitur
1600 3541 1755 3615 episcopus
1766 3543 1841 3598 inter

1012 3637 1243 3688 caterasuorum
1255 3648 1375 3703 operum
1388 3628 1524 3686 basilicas
1539 3629 1604 3685 miri
1623 3631 1729 3702 operis,
1748 3631 1841 3686 instar

1012 3721 1143 3777 videlicet
1152 3723 1216 3793 ejus
1227 3738 1290 3792 qua
1301 3721 1392 3791 Aquis
1403 3725 1447 3775 ost
1465 3719 1633 3787 constituta,
1641 3719 1794 3775 edificavit
1808 3719 1840 3774 in

1011 3809 1080 3865 villa
1091 3827 1153 3882 que
1167 3809 1274 3864 dicitur
1285 3808 1487 3865 Gcrminiacus
1500 3807 1667 3878 (Germipny,
1678 3823 1766 3879 prope
1777 3823 1839 3862 mo·

1013 3899 1175 3955 nestorium
1191 3897 1393 3968 Floriaceuse),
1410 3912 1467 3968 quo
1482 3895 1571 3950 etiam
1587 3895 1633 3950 bis
1646 3895 1778 3951 versibus
1793 3894 1839 3950 sui

1013 3989 1185 4044 memoriam
1202 3987 1349 4059 eleganter
1363 3983 1516 4057 expressit.

1076 4097 1136 4144 llaec
1152 4095 1178 4143 ia
1193 4094 1295 4143 bonore
1311 4093 1355 4142 Dei
1369 4090 1532 4142 'theodulfus
1546 4091 1646 4154 templo
1660 4092 1762 4142 sacravi

1100 4159 1163 4216 Qum
1179 4157 1242 4206 dum
1257 4155 1379 4220 quisquis
1391 4154 1457 4215 udis,
1473 4168 1521 4204 oro
1535 4158 1670 4204 memento
1685 4155 1737 4204 mei

1049 4256 1100 4311 Hic
1114 4255 1213 4327 itaque
1228 4252 1402 4310 venerabilis
1417 4252 1555 4307 sacerdos
1569 4250 1761 4307 insimulatus
1775 4268 1842 4307 con·

1009 4342 1170 4416 jurationis
1185 4342 1262 4414 apud
1279 4357 1376 4413 regem
1400 4339 1436 4394 de
1456 4339 1627 4411 episcopatu
1652 4338 1795 4411 deiectus,
1811 4343 1840 4395 et

1014 4431 1116 4487 multis
1131 4430 1235 4485 dicbus
1246 4427 1385 4484 custodiae
1396 4425 1582 4498 mancipatus
1592 4426 1838 4496 est,postmodum

131 4520 268 4579 Ecclesia
282 4520 500 4577 Aurelianensis
516 4521 693 4594 subrogatus
708 4521 961 4594 Sigobertus(9),et
977 4539 999 4606 g
1015 4519 1141 4576 mirabili
1153 4534 1251 4574 rerum
1261 4515 1448 4573 conversione
1460 4520 1488 4570 et
1499 4515 1609 4570 crimen
1621 4514 1840 4586 promptissime

131 4626 239 4685 genere
254 4614 282 4665 et
297 4609 429 4666 moribus
445 4609 647 4666 nobilissimus
661 4609 763 4666 videns
774 4611 852 4666 bunc
863 4610 959 4667 locum

132 4699 206 4757 olim
227 4698 468 4754 florentissimum
484 4717 500 4754 a
516 4699 612 4771 prisca
635 4698 785 4755 nobilitate
808 4700 958 4767 deiecisse,

132 4788 285 4861 egerrime
301 4786 377 4842 tulit.
394 4787 521 4843 Consilio
538 4788 634 4859 itaque
650 4787 718 4843 cleri
738 4788 782 4843 vel
807 4789 906 4861 populi
923 4790 959 4845 ab

132 4878 238 4934 eodem
254 4874 316 4932 loco
337 4895 403 4933 ossa
419 4875 511 4931 sancti
529 4878 746 4932 transferantur
765 4879 914 4934 Maximini
930 4879 958 4933 in

133 4964 289 5022 ecclesiam
305 4982 394 5037 quam
410 4966 488 5020 idom
504 4965 659 5036 episcopus
676 4965 706 5019 in
723 4982 791 5038 agro
812 4967 890 5038 juris
914 4967 960 5023 sui

134 5057 351 5121 construxerat,
368 5071 431 5127 qum
448 5054 567 5126 quidem
582 5060 663 5109 extra
679 5054 780 5108 urbem
800 5055 851 5109 sed
876 5072 960 5110 muro

133 5147 180 5200 est
205 5143 311 5209 vicina,
328 5144 526 5217 contiguaque
551 5141 678 5198 ecclesia
695 5143 725 5197 D.
742 5142 845 5198 baiani
871 5160 960 5215 quam

134 5231 256 5289 Miciaco
264 5231 542 5287 dedit.Venerabilis
554 5237 651 5287 aratam
662 5231 817 5304 episcopus
828 5232 961 5287 eamdem

170 5376 209 5448 (9)
226 5372 397 5448 Sigobcrtus
421 5375 496 5431 sedit
520 5375 597 5430 eirca
620 5392 688 5431 ann.
715 5376 777 5429 070.
794 5374 911 5430 Ecclsiae
932 5375 960 5430 in

133 5448 278 5505 honorem
303 5448 332 5503 S.
350 5446 500 5503 Maximini
516 5464 533 5501 a
549 5464 579 5501 se
603 5451 776 5502 constructa
802 5463 894 5518 pauca
920 5463 963 5502 re-

133 5517 353 5658 Σῑὲἰιιαῑῃῖοεῐίςὶιι
368 5519 404 5575 ad
420 5517 537 5593 plagam
552 5517 761 5576 occidentalem
784 5517 912 5575 eeclesiae
929 5520 961 5577 S.

1014 4609 1149 4676 abluit,et
1159 4607 1234 4679 regis
1240 4606 1364 4679 gratiam
1372 4602 1726 4660 consecutuscutbcdram
1739 4603 1839 4675 pristi-

1015 4719 1057 4758 nae
1074 4697 1225 4770 dignitatis
1241 4712 1297 4750 uon
1313 4693 1363 4748 diu
1379 4694 1509 4749 victurus
1524 4691 1839 4772 recepitllcrtareaim

1013 4791 1040 4847 vi
1052 4787 1153 4846 veneni
1168 4787 1205 4841 ab
1217 4785 1263 4840 bis
1275 4784 1437 4839 exstinctus
1449 4782 1497 4854 qui
1510 4782 1580 4836 dom
1592 4779 1748 4847 exsularet,
1757 4781 1841 4835 libor·

986 4892 989 4901 ·
1014 4885 1073 4936 tate
1101 4876 1287 4950 potiti,bona
1315 4874 1380 4945 ejus
1410 4871 1564 4927 invadendi
1588 4872 1651 4943 jam
1682 4870 1840 4926 hauserant

1015 4967 1215 5041 cupiditatem.

1052 5058 1094 5112 15.
1113 5055 1143 5110 ai
1160 5054 1249 5109 Jonas
1264 5050 1424 5107 succedens
1436 5049 1614 5105 habitatores
1626 5048 1680 5105 loci
1693 5051 1757 5122 eJus
1768 5048 1840 5105 mire

1016 5145 1116 5211 coluit,
1129 5142 1225 5198 locam
1242 5140 1402 5207 adornavit,
1420 5138 1631 5211 ecclesiamque
1656 5138 1840 5211 amplificans

1004 5233 1156 5293 *lorrricem
1173 5228 1342 5285 orientalem
1358 5227 1507 5282 latereulis
1522 5226 1669 5299 plumbeis
1688 5227 1841 5300 elegantis-

1052 5377 1106 5444 (10)
1122 5375 1230 5445 Nempe
1247 5389 1281 5426 ex
1298 5369 1474 5425 monasterio
1499 5370 1528 5424 S.
1543 5367 1838 5435 Salvatorisbaiana,

1017 5449 1063 5504 eui
1089 5448 1120 5502 D.
1138 5441 1446 5511 Benedictus,ordinis
1471 5441 1624 5498 monastici
1650 5440 1838 5509 instaurator,

1016 5526 1079 5577 tum
1094 5522 1226 5594 praerat.
