3900 6090
159 333 199 401 67
652 334 821 397 sennem
843 334 1009 396 usensis
1031 334 1362 402 Hunomulnusls.
1821 342 1861 406 68

160 469 342 528 infirmitatis
356 467 545 541 grassabatur
560 469 690 535 morbus,
707 466 834 524 utnulla
850 483 923 539 pene
938 483 980 523 re
992 472 1020 537 Α
1034 483 1140 540 eorpus
1155 470 1191 524 de
1206 469 1350 542 sepulcro,
1360 473 1485 545 septimo
1497 475 1566 531 ldns
1580 475 1860 534 NovembrisNobis

162 562 292 613 maneret
306 557 422 624 domae,
441 557 469 611 in
485 573 544 628 qua
559 574 614 612 non
627 558 738 627 jaceret
754 555 890 612 infirmus
907 571 914 610 :
931 555 982 627 qui

161 664 263 703 omncs
277 645 307 701 in
321 646 458 718 praedicta
468 643 740 702 solemnitatctanta
754 648 825 701 sunt
836 644 983 700 celeritate

161 735 306 802 sanati,ut
321 733 491 789 beatissima
505 731 616 805 virgine
631 731 725 789 levata
735 734 771 787 de
786 731 983 797 tumulo,nul-

159 822 207 879 lus
217 839 317 878 eorum
330 821 465 876 infirmus
473 825 668 879 remoraretur
677 819 707 875 in
717 819 981 876 lectule.Arcessito

159 911 285 983 denique
301 910 423 966 Rodullo
439 909 640 965 Noviomeusis
656 908 789 965 Ecclesia
806 907 982 965 archidisco

160 1017 207 1071 no,
224 1005 326 1073 postea
343 999 475 1070 ejusdcm
500 997 634 1053 Ecclesia
661 998 796 1070 episcopo
813 998 935 1065 devet0;
952 1004 982 1053 et

159 1107 193 1145 ex
209 1086 432 1161 congregatione
448 1085 609 1142 beatissimi
622 1086 759 1158 martyris
774 1085 882 1142 Christi
896 1086 982 1151 Quin·

159 1177 223 1243 tini,
235 1175 401 1232 convocatis
417 1174 552 1230 Patribus
562 1175 677 1242 Gisone,
693 1175 841 1241 lietberto,
858 1173 981 1247 aliisque

112 1310 118 1329 ,
158 1266 294 1339 plurimis
314 1281 421 1337 magna
446 1264 596 1319 devotione
624 1263 753 1335 repletis,
779 1264 829 1318 diu
856 1261 980 1318 dilatum

157 1355 314 1411 testinatur
324 1357 356 1409 ut
367 1354 417 1408 ilat
426 1352 566 1408 officium.
574 1351 701 1408 Peractis
712 1352 810 1423 itaque
821 1351 979 1407 missarum

158 1441 422 1507 solemniis,mente
433 1439 538 1495 humili
550 1456 582 1495 ae
593 1439 703 1495 devotis
714 1438 820 1495 animis
832 1440 981 1495 acceditur

1037 560 1145 627 autem,
1153 556 1256 614 iratres
1268 559 1445 630 charissimi,
1453 563 1631 635 quibushec
1642 563 1732 620 beate
1738 565 1861 639 virginis

1036 648 1118 716 gesta
1130 644 1313 719 aliorumque
1333 655 1500 706 sanctorum
1525 651 1706 724 perplurima
1729 653 1861 727 exempla

1036 734 1233 790 ostenduntur
1247 736 1283 791 ud
1299 736 1465 810 legendum,
1476 745 1678 812 proponuntur
1692 743 1728 797 ad
1746 743 1861 799 imitan-

1036 821 1119 890 dum,
1135 823 1256 879 solerter
1270 825 1454 894 intuendum,
1472 829 1586 885 fortiter
1600 832 1792 903 satagendum
1803 837 1859 902 est,

1037 926 1074 966 nc
1088 910 1218 982 ipsorum
1244 919 1374 984 expertes
1399 933 1519 988 eperum
1541 919 1570 972 in
1594 918 1644 973 illa
1665 920 1785 991 perenni
1800 921 1860 978 vita

1036 997 1123 1054 alieni
1133 1000 1296 1056 efficiamur
1307 1006 1482 1060 acommuni
1493 1005 1594 1061 latitia
1609 1013 1778 1064 sanctorum
1794 1025 1857 1065 om·

1035 1087 1291 1145 niumPulsemus
1307 1107 1374 1164 crgo
1389 1092 1485 1148 intimi
1554 1094 1598 1150 dis
1619 1096 1755 1168 suspiriis
1769 1115 1856 1156 aures

1035 1175 1159 1248 piissimi
1177 1179 1345 1249 conditoris,
1362 1187 1507 1254 quatenus
1523 1184 1585 1256 ipso
1610 1186 1695 1242 nobis
1719 1186 1856 1256 donante,

1035 1266 1112 1336 quod
1125 1267 1209 1337 jubet
1224 1269 1379 1325 efficaciter
1389 1272 1533 1344 complere
1548 1273 1707 1331 valeamus.
1720 1277 1797 1349 quod
1810 1295 1856 1334 sa·

1035 1350 1158 1409 lubriter
1173 1362 1271 1411 mouet
1287 1374 1293 1411 :
1312 1363 1343 1412 ut
1358 1364 1497 1414 uenturus
1513 1361 1542 1415 in
1562 1361 1612 1417 illo
1636 1363 1767 1420 districte
1789 1382 1856 1424 exa-

1037 1440 1117 1496 mine
1127 1442 1243 1512 judieii,
1261 1461 1318 1499 non
1335 1446 1363 1500 in
1379 1446 1463 1503 nobis
1478 1449 1605 1505 inveniat
1620 1453 1698 1523 quod
1723 1454 1856 1525 damnet,

158 1533 193 1588 ad
210 1530 368 1596 tumulum,
380 1530 410 1583 in
427 1529 490 1600 ipso
506 1528 602 1583 adbuc
612 1529 676 1599 Jam
692 1528 770 1583 dicto
786 1527 927 1583 divinitus
939 1529 980 1584 iu·
1034 1529 1085 1584 scd
1102 1531 1179 1602 quod
1195 1548 1263 1587 curn
1278 1535 1341 1589 suis
1357 1536 1516 1609 redemptis
1531 1539 1759 1598 misericorditer
1774 1559 1855 1600 coro·

156 1620 221 1676 fuso
236 1618 349 1674 lumine
364 1617 441 1672 eirea
456 1621 545 1688 caput
563 1621 593 1672 et
617 1621 719 1688 pectus
745 1616 835 1672 beatu
857 1615 979 1689 virginis
1035 1617 1185 1674 actiosus
1200 1620 1334 1679 Christus
1349 1624 1492 1681 Dominus
1508 1632 1615 1697 noster,
1630 1628 1681 1702 qui
1704 1646 1771 1687 eum
1796 1631 1855 1690 Dee

155 1714 215 1765 tam
227 1707 302 1764 clare
313 1707 496 1773 radiante,ut
506 1723 564 1778 prae
575 1704 724 1761 nimietate
734 1704 780 1760 sui
792 1721 978 1777 nequaquam
1034 1705 1118 1763 Patre
1133 1712 1161 1764 et
1176 1708 1286 1781 Spiritu
1303 1718 1403 1769 sancto
1418 1715 1487 1769 vivit
1501 1721 1530 1771 et
1553 1716 1696 1790 gloriatur
1710 1721 1788 1778 Deus
1804 1738 1856 1793 per

156 1793 508 1874 pleniterpossotintueri.
519 1793 978 1851 Levaturautcmsanctissimum
1034 1795 1134 1853 omnia
1146 1797 1253 1855 saecula
1268 1799 1452 1857 seculorum.
1466 1805 1568 1860 Anien.

950 1994 1066 2011 ιιι-ι’

857 2133 1153 2223 MIRACULA

188 2343 215 2397 9.
231 2341 280 2398 His
295 2339 497 2414 premissisde
511 2339 603 2395 sitaet
613 2337 810 2411 senibussaepe
821 2337 972 2411 dicteglo·
987 2341 1012 2406 Β
1027 2340 1259 2399 sanctimonialis
1278 2345 1411 2415 ejusdcm
1436 2346 1605 2402 monasterii
1633 2347 1853 2421 pulchritudine

154 2431 236 2488 riosae
250 2431 381 2504 virginis,
393 2434 489 2485 ratum
505 2428 644 2484 duximus
658 2444 752 2501 pauca
766 2427 971 2500 subsequendo
1027 2427 1153 2498 illectus,
1172 2447 1356 2503 nequaquam
1372 2450 1402 2488 se
1414 2433 1560 2492 abstinere
1576 2437 1670 2508 potuit
1686 2437 1722 2493 ab
1737 2439 1802 2510 ejus
1817 2439 1851 2495 il·

153 2519 277 2577 describi
305 2517 514 2575 miraculorum
538 2516 754 2589 insigniaque
779 2515 922 2572 Dominus
936 2515 973 2570 ob
1029 2514 1118 2573 licitis
1132 2518 1326 2591 amplexibus.
1344 2521 1419 2576 Dum
1435 2523 1526 2593 igitur
1547 2525 1674 2595 quadam
1698 2526 1745 2582 die
1769 2544 1849 2585 mere

153 2614 264 2665 tantam
281 2608 326 2664 sui
343 2606 483 2662 famulam
507 2606 552 2679 pie
576 2605 715 2678 dignatus
738 2608 783 2660 est
795 2602 909 2676 operari
922 2619 973 2676 per
1027 2604 1111 2661 solito
1126 2608 1337 2662 monasterium
1352 2614 1470 2680 peteret,
1488 2619 1520 2664 ut
1535 2627 1595 2665 suu
1617 2616 1646 2666 et
1668 2613 1762 2684 ipsius
1787 2632 1849 2671 car-

151 2697 286 2770 gratiam.
300 2696 374 2752 Nam
389 2712 423 2750 ea
439 2712 502 2767 que
517 2693 647 2767 aggressi
670 2710 774 2750 sumus
797 2692 972 2761 describere,
1026 2693 1073 2749 uis
1087 2693 1227 2767 voluptati
1243 2696 1432 2764 satisfaceret,
1456 2699 1482 2753 ci
1512 2703 1614 2754 saneta
1636 2700 1715 2772 virgo
1740 2701 1847 2760 liuma-

152 2785 329 2858 quibusdam
346 2789 452 2840 nostra
460 2784 553 2839 atatis
567 2782 817 2839 referentibusvix
825 2781 973 2837 valuimus
1026 2783 1845 2865 gundisin‘atrioejusdemmonasteriivisibilisapparuit,

151 2890 308 2947 agnoscere
325 2889 331 2928 :
349 2873 469 2929 fuerunt
483 2873 571 2928 etiam
586 2872 741 2928 innumera
755 2870 874 2928 virtutis
885 2870 971 2938 lacta,
1027 2873 1344 2944 eumquevehementer
1357 2875 1511 2947 increpans
1521 2892 1578 2947 quo
1589 2880 1849 2952 pergeretrequisi-

151 2980 215 3036 qua
231 2963 255 3019 si
271 2979 322 3036 per
334 2960 479 3017 incuriam
495 2959 631 3016 oblivioni
646 2960 755 3017 tradita
780 2976 837 3016 non
862 2963 971 3026 essent,
1025 2960 1076 3015 vit.
1093 2962 1145 3027 Qui
1163 2963 1198 3017 ad
1214 2979 1311 3019 vocem
1327 2964 1505 3037 increpantis
1518 2963 1602 3021 valde
1621 2963 1762 3023 ebulusus
1785 2984 1849 3025 eru-

151 3052 224 3107 satis
238 3051 326 3124 digne
336 3049 442 3106 litteris
456 3049 589 3105 mandari
601 3049 774 3121 potuissent.
785 3047 881 3105 Unum
892 3063 973 3103 nam·
1026 3049 1136 3114 buit‚et
1150 3068 1182 3106 se
1196 3052 1231 3106 ab
1247 3069 1332 3124 opere
1347 3053 1456 3109 nefario
1472 3071 1672 3128 compescens,
1681 3056 1717 3112 ab
1727 3073 1848 3114 accessu

151 3157 208 3212 que
225 3139 344 3213 signum
360 3138 438 3211 quod
454 3141 570 3194 constat
584 3136 758 3194 mirabiliter
772 3153 836 3194 esse
850 3136 971 3203 facturn,
1027 3138 1115 3195 simul
1130 3144 1160 3194 et
1174 3144 1241 3194 actu
1257 3141 1381 3196 nefando
1397 3143 1433 3198 ad
1450 3147 1566 3214 tempus
1582 3144 1737 3200 subtraxit.
1747 3145 1850 3202 Praedi-

151 3231 364 3299 consequenter
378 3226 456 3282 brevi
471 3224 617 3282 locutione
632 3230 677 3282 est
691 3225 973 3282 narrandumDeui·
1026 3231 1073 3284 cta
1086 3233 1184 3283 autern
1200 3229 1440 3297 sanctimonialis,
1450 3231 1528 3286 velut
1538 3229 1636 3288 labilis
1648 3238 1677 3289 et
1691 3233 1808 3306 lasciva,
1817 3252 1848 3292 se

151 3334 208 3390 que
223 3317 351 3389 quodam
366 3320 494 3389 tempore
509 3314 644 3372 homines
654 3315 780 3388 perversi
797 3332 852 3371 sua
860 3315 970 3370 fortiori
1026 3333 1044 3370 a
1058 3316 1119 3371 viro
1130 3321 1327 3388 contemptam
1336 3323 1452 3391 putans,
1461 3320 1531 3374 cium
1544 3321 1684 3376 acerrimo
1696 3321 1793 3379 dolore
1806 3324 1846 3379 la·

151 3409 294 3479 potestate
309 3405 442 3472 fidentes,
458 3403 563 3460 audaci
578 3403 741 3460 temeritate
756 3402 859 3459 silvam
878 3402 972 3474 ipsius
1024 3404 1116 3476 tigata
1132 3421 1162 3460 se
1178 3405 1375 3462 abominatam
1394 3407 1608 3480 ingemisceret,
1624 3410 1737 3483 antiqui
1754 3411 1848 3468 bostis

151 3499 258 3551 sanetae
272 3493 404 3567 virginis,
422 3510 486 3565 qua
502 3492 559 3549 sita
574 3498 619 3548 est
642 3509 727 3549 secus
751 3491 871 3547 flurium
888 3492 971 3546 Sam-
1026 3492 1848 3572 insidiisurmata‚cumdemvirumcullidilatequapotuit

150 3583 282 3652 bram,in
297 3581 365 3637 villa
380 3599 444 3654 que
456 3582 563 3638 dicitur
573 3581 748 3637 Dediniacus
763 3580 970 3653 ingressi,eam
1026 3581 1062 3636 ad
1077 3598 1109 3637 se
1124 3598 1256 3638 revocare
1272 3585 1402 3640 tentavit.
1428 3585 1560 3642 Allabilis
1585 3586 1721 3659 inquiens
1743 3588 1846 3656 amice,

150 3673 213 3729 suis
228 3672 323 3744 porcis
337 3670 481 3726 edendam
502 3673 702 3742 pervaserunt.
716 3674 745 3724 et
768 3685 889 3724 censum
912 3667 972 3723 sive
1025 3686 1078 3726 eur
1092 3688 1138 3727 me
1153 3673 1347 3744 spernendam
1363 3673 1497 3746 putasti?
1513 3691 1571 3731 non
1585 3680 1613 3731 te
1627 3677 1699 3732 visio
1710 3693 1798 3749 quam
1809 3678 1847 3734 n·-

150 3760 268 3833 aliquod
284 3757 436 3815 servitium
452 3774 504 3831 pro
520 3760 621 3815 eedem
646 3757 718 3814 silva
743 3757 838 3813 eidem
863 3761 971 3813 sancte
1026 3757 1093 3814 disti
1110 3759 1355 3831 absterreat,quia
1370 3778 1427 3817 non
1443 3760 1498 3816 suit
1513 3763 1667 3833 praesentia
1677 3764 1847 3821 sanctellu·

148 3848 253 3922 virgini
261 3846 621 3915 essedeierendum,nulla
630 3846 970 3903 rationecousenserunt.
1026 3847 1181 3919 negandis,
1198 3847 1361 3921 sodalique
1380 3849 1414 3904 de
1435 3849 1548 3904 aemulis
1574 3850 1657 3917 meis,
1673 3852 1794 3923 cupiens
1819 3860 1847 3909 te

150 3941 227 4005 Quos
242 3937 434 4010 perseipsum
456 3937 541 3992 beata
563 3937 644 4011 virgo
668 3936 829 4008 inerepare,
844 3941 931 4007 atque
955 3952 972 3992 a
1026 3941 1153 3990 evertere
1169 3952 1185 3989 a
1200 3936 1308 3991 melta
1322 3936 1389 3991 dato
1404 3936 1668 4003 indicio,aliorsum
1679 3938 1845 3996 clanculum

150 4031 233 4082 tanta
248 4024 370 4080 audacia
389 4040 520 4080 coercere
545 4025 665 4080 curavit.
690 4025 765 4080 Nam
786 4024 857 4079 dum
881 4022 972 4080 libere
1026 4028 1186 4096 preparato
1198 4023 1348 4092 ostiolo,is
1364 4023 1575 4097 spurcissimus
1588 4024 1632 4079 vir
1641 4024 1845 4086 intermissum

148 4117 232 4169 tanta
245 4112 384 4168 silvarum
400 4112 483 4184 copia
495 4110 551 4166 lati
569 4113 741 4184 potirentur,
757 4113 855 4168 subito
870 4113 970 4168 eadem
1026 4112 1108 4167 nesae
1119 4112 1222 4166 iterare
1231 4111 1415 4167 tentavitcui
1426 4128 1493 4168 mox
1504 4111 1624 4186 pervigil
1635 4120 1734 4170 custos
1745 4123 1846 4174 sancta

150 4201 199 4256 Dei
213 4201 293 4273 virgo
309 4199 476 4272 pastoribus
501 4200 529 4254 in
555 4199 678 4255 terribili
703 4201 799 4273 specie
825 4202 970 4274 apparuit,
1025 4201 1105 4273 virgo
1116 4199 1523 4272 liunegundisobviamvenit,
1536 4206 1563 4256 et
1574 4201 1772 4276 baculoqucm
1787 4223 1847 4262 ma·

149 4307 257 4363 eosque
272 4306 325 4345 cur
339 4289 394 4344 sibi
411 4289 538 4344 fructum
554 4288 740 4360 subriperent
755 4288 833 4344 silva
849 4290 970 4346 interro·
1025 4304 1065 4344 nu
1081 4289 1197 4344 tenebat
1212 4288 1373 4361 ininguine
1389 4289 1602 4361 percussit.0ui
1614 4306 1681 4345 mox
1688 4294 1845 4367 exsanguis

148 4396 239 4454 gans,
254 4379 335 4452 virga
350 4395 438 4450 quarn
455 4395 544 4433 manu
559 4378 695 4450 gestabat
704 4381 858 4450 percussit,
871 4379 972 4452 sieque
1025 4377 1145 4434 effeetus
1160 4377 1315 4445 corruit,et
1329 4376 1359 4432 in
1370 4377 1507 4432 manibus
1522 4376 1616 4434 elatus
1631 4395 1702 4435 coxa
1712 4383 1845 4452 ejusdem

149 4468 245 4526 omnis
260 4467 311 4524 illa
325 4482 481 4540 porcorum
496 4465 654 4521 multitudo
669 4465 727 4522 hue
741 4465 869 4540 illucque
884 4469 970 4524 diffu-
1024 4465 1237 4522 intumescente
1260 4467 1361 4522 codem
1385 4465 1483 4521 dolore
1506 4466 1595 4521 vitam
1620 4467 1732 4536 finivit;
1759 4472 1845 4543 cujus

149 4575 191 4626 sa,
218 4573 318 4614 versus
343 4555 554 4611 monasterium
580 4553 801 4611 Humolariense
829 4557 969 4630 precipiti
1024 4570 1095 4610 coxa
1110 4570 1186 4611 auno
1201 4554 1313 4628 integre
1327 4560 1394 4610 ante
1409 4553 1520 4610 obitum
1537 4571 1624 4610 suum
1642 4557 1758 4613 interra
1769 4574 1844 4614 corn·

148 4663 237 4702 cursu
252 4646 307 4702 iter
322 4643 455 4717 arripuit.
473 4644 542 4699 lude
558 4643 667 4699 iactum
683 4649 728 4699 est
747 4647 781 4699 ut
804 4661 838 4700 ex
863 4645 970 4716 quibus
1025 4643 1144 4716 putruit.
1154 4644 1207 4699 Pro
1218 4645 1303 4714 qu'us
1313 4649 1410 4699 tamen
1421 4641 1569 4698 curatione
1580 4643 1844 4705 amicorumstudio

147 4736 266 4792 domina
276 4732 495 4790 redditussilva
506 4732 614 4788 habere
628 4749 684 4788 non
696 4732 881 4805 poterat,hos
890 4739 969 4805 poet·
1025 4732 1154 4788 maxima
1165 4732 1287 4787 donaria
1301 4733 1337 4788 ad
1353 4731 1532 4788 otlcrendum
1545 4739 1652 4788 sanetae
1660 4733 1763 4808 virgini
1776 4753 1845 4808 pra-

148 4827 268 4882 modum
284 4823 396 4881 familia
412 4822 582 4895 ipsiusjure
597 4821 696 4893 quieto
712 4822 883 4893 possideret.
895 4821 968 4878 Nam
1024 4824 1173 4893 parantur,
1191 4837 1253 4892 qua
1267 4820 1346 4876 velut
1368 4821 1608 4877 immundissima
1632 4827 1758 4880 stercora
1774 4826 1843 4897 reji-

147 4930 213 4969 cum
231 4928 337 4984 magno
353 4908 970 4982 impetuvillamingrcssicireamonaste·
1023 4909 1151 4966 ciuntur.
1168 4908 1240 4964 Nam
1256 4908 1360 4964 iisdem
1376 4908 1537 4981 plurimum
1561 4925 1749 4966 nummorum
1774 4914 1843 4969 oit'e-

147 5000 223 5056 rium
240 5017 291 5073 per
305 4998 418 5070 plateas
430 5003 459 5054 ct
473 5001 570 5055 curtes
595 5013 612 5052 a
634 5014 666 5053 se
688 4996 810 5053 invicem
839 4997 935 5065 divisi,
952 5016 969 5054 a
1024 4996 1157 5054 rentibus
1171 4997 1257 5052 turbo
1272 4995 1385 5053 coelitus
1397 4996 1550 5069 irruit,qui
1561 5002 1643 5053 tanta
1652 4999 1844 5071 exagitatione

147 5086 228 5143 nullo
244 5102 375 5158 unquam
391 5091 493 5157 postea
508 5090 577 5142 sunt
590 5084 732 5158 requisiti.
745 5083 839 5156 Hujus
855 5086 895 5142 rei
907 5077 1003 5159 plu-1)
1017 5087 1185 5162 predictam
1198 5085 1375 5142 oblationem
1390 5087 1549 5143 exsufflans
1561 5085 1713 5158 dispersit,
1727 5094 1759 5144 ut
1770 5089 1844 5146 nulli

147 5175 214 5233 rimi
239 5179 327 5232 testes
352 5173 490 5243 existunt,
506 5192 541 5230 ex
569 5175 678 5247 quihus
702 5174 836 5247 quaedam
862 5174 968 5231 mulier
1022 5176 1159 5247 deinceps
1175 5175 1342 5232 mortalium
1354 5176 1514 5248 quidquam
1525 5175 1561 5230 de
1571 5180 1775 5248 eaappareret.
1788 5177 1842 5234 Ve-

146 5265 264 5321 nomine
279 5261 419 5320 Dodisma
434 5279 527 5334 nuper
542 5264 578 5318 ab
593 5263 648 5320 hac
663 5261 727 5318 luce
742 5262 893 5320 subtracta
911 5269 965 5329 cst,
1021 5283 1087 5322 ram
1104 5265 1176 5320 nulli
1191 5264 1358 5321 incredibile
1379 5263 1469 5319 videri
1492 5263 1585 5331 debet,
1604 5263 1682 5335 quod
1709 5269 1840 5324 sanctam

146 5369 210 5424 qure
226 5368 257 5407 sc
272 5354 360 5407 tanta
375 5349 415 5404 rei
432 5348 599 5407 interfuisse
614 5368 647 5407 ae
668 5367 703 5406 ex
725 5351 767 5407 eis
789 5368 874 5407 sirum
899 5369 964 5426 por·
1021 5354 1071 5411 Dei
1086 5354 1227 5427 virginem
1244 5353 1304 5407 suis
1315 5350 1840 5423 bostibusvisibiliterapparuissere-

145 5441 254 5497 tionem
267 5438 431 5514 percepisse
447 5437 540 5495 veraci
555 5440 715 5496 assertione
730 5440 885 5497 fatebatur.
1018 5442 1152 5511 tulimus,
1168 5460 1235 5497 cunr
1251 5440 1346 5497 simile
1361 5438 1431 5511 quid
1447 5440 1483 5493 dc
1499 5439 1581 5495 beato
1597 5439 1679 5495 Petro
1699 5442 1841 5513 apostolo·

180 5531 224 5586 10.
240 5529 348 5587 Eodem
367 5533 498 5601 tempore
512 5533 574 5583 orat
586 5528 705 5601 quidam
721 5527 806 5584 1niles
830 5531 963 5588 nobiliori
1018 5526 1531 5604 rumprincipeinlibroDialogorum
1543 5527 1699 5594 tertio,sub
1711 5530 1839 5602 capitulo

139 5635 245 5693 genere
259 5622 387 5687 exortus,
404 5617 522 5675 nomine
543 5617 725 5689 Magonerus,
742 5617 792 5689 qui
808 5619 962 5690 cuiusdam
1015 5621 1154 5682 vicesimo
1168 5621 1271 5691 quarta
1296 5620 1416 5675 sanetus
1440 5633 1516 5689 papa
1540 5616 1645 5674 reserat
1669 5617 1837 5691 Gregorius.
