3900 6090
98 283 102 292 Ι
135 211 196 273 809
644 211 760 272 uuna
783 209 1067 274 penthecoste
1091 215 1122 275 S.
1148 216 1332 278 tlaxllllltl
1779 212 1839 279 810

135 360 204 402 eum
219 343 318 399 studio
332 346 362 399 et
375 359 444 400 cura
464 338 601 401 alendum
626 346 795 416 procurant,
811 343 862 415 qui
885 342 961 400 infra
974 345 1002 416 Α
1017 349 1072 417 ost,
1088 332 1275 406 suosexinde
1290 365 1357 405 cum
1373 349 1460 406 rebus
1474 349 1573 406 emisit
1595 348 1657 406 solo
1677 349 1757 406 Isaac
1773 355 1839 424 post

134 435 221 492 breve
248 436 367 506 tempus
396 431 534 490 collectus
559 434 595 490 ad
620 432 778 490 Dominum
803 431 878 489 felici
904 432 962 490 flue
1016 435 1081 507 ojus
1096 436 1209 493 obitum
1224 443 1403 496 remanente.

133 523 254 595 quievit.
1050 526 1214 599 sellaque
1236 531 1303 601 post
1328 526 1441 584 obitum
1464 527 1554 585 Jacob
1577 528 1716 602 episcopi,
1732 527 1838 588 oblatis

167 615 213 670 26.
231 613 298 669 Post
313 612 398 684 cujus
413 611 527 668 obitum
543 612 652 685 quiquo
671 612 736 684 ejus
760 609 870 668 creduli
896 609 960 684 pel·
1015 611 1110 668 denuo
1125 614 1227 688 viginti
1243 614 1836 674 librisdlbertusetAzenariusAnnonom

130 703 243 771 luatur,
260 700 365 758 cellula
379 700 535 770 clauditur,
550 702 585 758 ah
596 717 669 774 sque
679 701 758 758 clave
768 698 876 756 scrinia
887 715 960 756 rese·
1013 702 1207 759 venerabilem
1216 704 1386 762 Gemmetioi
1398 704 1551 778 (famieqea)
1563 706 1687 762 coenobii
1698 707 1835 766 abbatem

131 797 245 859 rantur,
271 790 412 846 reconditi
442 791 571 848 thesauri
599 791 792 864 reperiuntur,
814 790 959 844 immensa
1013 792 1836 869 suumvidelicetfratrcmcvocnnt,etjubcntcepiscopo

130 881 243 939 seilicet
254 879 344 935 moles
360 895 454 934 arena
470 880 543 934 bene
560 878 675 936 illorum
693 895 857 951 congruens
869 877 960 933 avari·
1012 881 1835 957 llrmentharoidcmvirvencrandusloeumsupradictum

129 972 188 1039 tica,
205 969 254 1043 qui
271 970 325 1025 rati
341 970 377 1025 ab
393 970 458 1040 ejus
473 968 610 1024 ministro
633 968 765 1023 sublatos
789 967 955 1036 thesauros,
1012 969 1048 1024 ad
1065 972 1225 1043 regendum
1240 972 1363 1028 sortitus
1377 977 1431 1028 est.
1447 972 1538 1044 Cujus
1554 973 1737 1044 temporibus
1748 974 1833 1045 quasi

128 1059 347 1133 apprehensum
363 1075 431 1115 eum
447 1055 759 1133 divorsisexcruciant
781 1056 887 1113 modis.
904 1056 956 1112 Cui
1010 1057 1131 1133 quidam
1148 1060 1292 1117 redivivus
1307 1077 1383 1134 ager
1397 1059 1510 1134 elonga
1530 1060 1702 1133 nigritudine
1726 1078 1836 1133 conva7

127 1149 271 1222 deJeranti
288 1164 355 1204 cum
372 1146 453 1203 nulla
467 1147 657 1203 adhiberetur
671 1146 761 1203 tides:
779 1144 881 1202 Ducite
896 1161 954 1215 mc,
1009 1145 1133 1216 lescens,
1149 1148 1228 1205 idem
1242 1149 1324 1206 locus
1338 1167 1356 1205 a
1370 1149 1542 1222 dejectionis
1550 1167 1609 1205 sue
1618 1148 1730 1205 vilitate
1740 1166 1835 1207 resur·

128 1241 180 1306 ait,
197 1239 234 1297 nd
251 1237 363 1295 domini
378 1236 436 1294 mei
451 1237 630 1310 sepulcrum,
644 1236 777 1309 etipsius
788 1235 957 1308 requiratur
1009 1251 1076 1309 garo
1088 1252 1246 1311 aggressus
1261 1242 1315 1295 cst.
1331 1239 1384 1295 Per
1398 1238 1566 1295 huncenim
1575 1237 1771 1294 venerabilem
1782 1238 1833 1296 Pa·

127 1326 477 1395 testimonium.0uicum
491 1327 828 1398 assentirent,venarunt
837 1324 955 1396 utrique
1009 1329 1083 1381 trem
1099 1326 1242 1401 regularis
1258 1328 1328 1384 ordo
1343 1327 1453 1386 nostris
1466 1327 1571 1385 diebus
1581 1326 1650 1384 huic
1663 1326 1726 1384 loco
1735 1327 1831 1400 primo

127 1415 796 1489 admonumentum,elevataqueministcreJns
805 1429 874 1470 voco
885 1428 953 1469 eum
1008 1412 1141 1471 invectus
1156 1414 1211 1472 sub
1226 1432 1260 1472 eo
1275 1414 1488 1473 ferventissime
1502 1414 1605 1488 viguit,
1620 1419 1650 1472 ct
1664 1415 1689 1471 si
1702 1415 1732 1472 in
1743 1416 1834 1492 rebus

127 1506 198 1564 lietu
214 1521 220 1561 :
237 1504 300 1572 Elia,
311 1503 624 1577 inquit‚domne,quos
635 1503 789 1561 thesauros
799 1499 953 1574 reliqueris
1007 1502 1123 1560 adesset
1136 1509 1305 1577 paupertas,
1316 1504 1408 1561 virtus
1423 1508 1521 1561 tamen
1536 1503 1687 1562 eharitatis
1696 1508 1725 1561 et
1734 1504 1832 1579 hospi·

126 1595 242 1664 edicito,
260 1593 329 1650 etsi
341 1594 429 1666 justa
440 1597 510 1650 sunt
521 1609 612 1666 poena
622 1591 951 1665 quaepatiorintimato.
1006 1590 1128 1649 talitatis
1143 1609 1207 1650 cam
1221 1598 1378 1668 contegens
1399 1593 1521 1665 celabat,
1537 1598 1566 1651 et
1580 1592 1709 1653 liberalis
1724 1594 1828 1652 obum-

125 1683 230 1741 Cnido
246 1680 509 1740 tumulomortuus
529 1681 679 1754 respondit
695 1698 702 1738 :
720 1681 907 1739 Innocentem
922 1684 951 1736 to
1006 1679 1111 1738 brabat
1125 1681 1273 1740 honestus.
1290 1683 1389 1740 Toties
1407 1683 1485 1740 enim
1508 1682 1637 1740 vidimus
1661 1681 1828 1756 hospitibus

126 1774 246 1847 quidem
260 1776 291 1829 et
304 1771 368 1829 sine
383 1787 472 1828 causa
487 1770 632 1844 nliligunt,
648 1772 699 1828 sed
710 1769 784 1827 tales
793 1769 951 1842 elecmosy·
966 1741 991 1808 B
1006 1769 1127 1843 largiter
1140 1772 1208 1827 vina
1218 1772 1469 1845 propinari,nobis
1480 1771 1703 1844 omnibusaqua
1712 1776 1829 1830 conten·

126 1861 201 1919 narii
215 1861 324 1919 talibus
338 1861 485 1918 thesauris
500 1861 620 1917 omnino
635 1860 715 1933 digni
726 1863 805 1917 sunt.
815 1859 896 1924 Quod
908 1856 951 1913 illi
1006 1858 1055 1927 tis,
1071 1863 1100 1915 at
1119 1864 1217 1917 tamen
1241 1878 1275 1917 ca
1299 1861 1361 1919 fieri
1389 1861 1505 1917 cautela
1526 1866 1560 1916 ut
1583 1865 1741 1932 presentes
1771 1860 1828 1934 ipsi
1863 1901 1866 1906 ι

124 1951 277 2011 audientes
290 1949 373 2008 vuldc
387 1950 565 2007 consternati
580 1953 660 2018 sunt,
672 1965 725 2005 nec
735 1949 771 2005 nb
781 1965 815 2004 ec
827 1947 951 2004 ulterius
1005 1947 1135 2020 hospites
1151 1948 1332 2006 hocomnino
1344 1949 1501 2017 nescirent,
1510 1950 1751 2006 sedomncsutse
1760 1950 1827 2007 vino

124 2041 288 2114 quidquam
305 2043 402 2112 petere
417 2043 678 2112 praesumpserunt.
695 2038 751 2095 Sed
776 2035 950 2094 benedictus
1005 2035 1152 2093 delibutos
1167 2038 1357 2094 estimarent.
1369 2037 1497 2094 Diversis
1512 2042 1610 2094 autem
1621 2037 1717 2099 modis
1727 2038 1828 2096 aderat

123 2130 283 2203 episeopus
298 2146 391 2203 pauco
405 2129 565 2186 admodum
582 2132 713 2202 tempore
726 2128 755 2182 in
771 2125 834 2183 loco
850 2123 948 2182 Micia·
1004 2125 1054 2183 Dei
1071 2126 1176 2199 gratia,
1193 2143 1256 2200 quie
1272 2127 1439 2184 necessitati
1454 2132 1685 2197 concurreret,ct
1697 2127 1826 2200 inopiam

123 2218 204 2275 censi
220 2222 417 2289 conversatus,
434 2234 538 2274 rursus
553 2217 678 2291 patriam
702 2217 826 2274 visitans
841 2216 871 2273 in
887 2215 948 2271 liri·
1002 2218 1064 2270 tam
1076 2215 1607 2274 verecundacharitatissolnmincsui
1618 2217 1749 2291 sutfmgii
1760 2216 1827 2274 sub-

122 2308 234 2364 tanniis
249 2324 381 2364 reversus
395 2311 450 2364 cst.
1003 2302 1122 2374 lavaret,
1138 2305 1189 2361 sad
1205 2309 1234 2362 et
1248 2322 1300 2378 par
1323 2306 1533 2364 mimculorum
1556 2306 1826 2380 frequentissimam

158 2399 204 2452 27.
220 2395 415 2469 Consequenti
442 2400 574 2470 tompore
597 2395 687 2453 Jacob
712 2393 833 2467 quidam
857 2393 948 2450 abbas
1003 2393 1118 2465 copiam
1134 2398 1284 2467 respectus
1299 2395 1345 2452 sui
1358 2396 1572 2453 demonstraret
1586 2394 1827 2470 presentiamsse

121 2485 371 2543 transmaritanus
393 2484 424 2541 in
448 2484 553 2559 patria,
574 2502 642 2542 oum
667 2486 696 2541 in
721 2501 796 2557 pago
820 2483 948 2540 Biturico
984 2481 1112 2554 ·qnibus
1122 2480 1216 2554 pauca
1225 2500 1303 2539 nunc
1313 2485 1510 2557 perstringere
1519 2483 1825 2558 cupientesnullancs

122 2575 160 2648 (le
175 2576 273 2648 Berry)
281 2579 510 2644 conversaretur,
518 2575 597 2631 fama
604 2577 755 2647 permotus
765 2574 800 2630 ad
810 2573 947 2629 eumdem
1003 2574 1171 2627 narraturos
1191 2572 1318 2627 fatemur
1340 2590 1405 2644 qua
1428 2578 1480 2628 aut
1503 2573 1559 2644 ipsi
1575 2590 1633 2629 non
1652 2573 1824 2643 viderimus,

122 2662 221 2721 locum
242 2663 447 2721 Miciacensem
471 2663 583 2721 scilicet
605 2662 694 2733 vonit,
710 2666 739 2718 et
753 2662 855 2720 videns
878 2677 946 2718 eum
1002 2663 1053 2715 aut
1074 2660 1110 2716 ab
1134 2659 1180 2717 his
1209 2659 1259 2733 qui
1291 2660 1418 2717 viderint
1448 2661 1492 2716 vol
1526 2661 1638 2718 siccem
1670 2660 1827 2718 didicerint

121 2769 272 2810 ammaum
287 2757 320 2810 ut
340 2757 395 2825 est,
412 2754 489 2811 facta
513 2764 580 2810 oum
604 2752 740 2827 episcopo
764 2749 947 2809 birmenthaeo
1001 2748 1210 2821 acceperimus.
1232 2749 1304 2805 llinc
1326 2749 1416 2822 igitur
1438 2748 1533 2806 soluto
1559 2750 1681 2807 rudente
1704 2751 1826 2808 carbasa

121 2843 276 2916 sexaginta
292 2842 437 2900 librarum
460 2843 661 2911 conventione,
677 2841 781 2914 hisque
806 2839 947 2913 porrectis
1001 2841 1106 2894 nostra
1126 2838 1303 2895 narrationis
1325 2842 1427 2896 sancto
1452 2838 1668 2896 committimus
1691 2838 1825 2913 Spiritui,

121 2929 220 2994 locum
235 2929 944 3005 eumdemparietesvacuosscilicctsortitusest.
1000 2932 1034 2983 ut
1049 2928 1085 2984 de
1114 2927 1272 2985 Maximino
1297 2945 1351 2986 suo
1379 2929 1523 2986 locuturis
1551 2928 1752 3003 sui'gratiam
1779 2929 1825 2986 in·

121 3019 945 3092 llortuonutcmGunnno,S.Pauli(Leonensis)cpiscopo,
1000 3015 1105 3072 fundat
1126 3016 1209 3086 roris,
1225 3018 1362 3089 atqucad
1387 3018 1543 3074 stationem
1567 3017 1658 3091 optati
1682 3018 1825 3090 perducat

118 3109 231 3168 Manus
242 3128 339 3168 comes
350 3110 546 3168 scicnslaeob
556 3109 665 3167 multas
675 3109 782 3166 habere
793 3107 944 3181 pecunias,
960 3110 984 3183 ρ
999 3105 1116 3163 littoris.
1705 3118 1726 3153 ο
1918 3097 1920 3100 ’

118 3199 398 3258 eumindecedentis
406 3199 469 3256 loco
477 3199 629 3256 constituit
637 3199 687 3271 qui
696 3198 945 3254 consecrationem
1326 3197 1443 3256 CAPUT
1461 3197 1495 3254 V.

119 3288 260 3360 indeptus
274 3289 375 3346 sedem
390 3289 437 3344 cui
462 3293 652 3346 consecratus
675 3288 769 3344 fuerat
793 3302 945 3360 nunquam
1039 3285 1192 3344 Deductae
1206 3288 1339 3359 [ratribus
1351 3286 1519 3345 mirabiliter
1531 3304 1548 3344 c
1561 3294 1648 3345 oacrte
1661 3289 1783 3346 ιιιῖυιιῖῖι.

120 3377 230 3452 (supple
244 3377 406 3448 adiit),sed
421 3379 451 3434 in
466 3377 530 3434 loco
545 3378 712 3434 Miciacensi
728 3393 821 3450 usque
835 3376 870 3433 ad
882 3376 946 3431 vita
1034 3375 1080 3431 29.
1096 3376 1169 3432 Cum
1186 3377 1281 3433 aerior
1294 3376 1379 3434 solito
1394 3377 1543 3451 ingrueret
1558 3377 1663 3448 hiems,
1676 3378 1824 3436 intantum

122 3467 284 3524 terminum
293 3467 611 3539 perseveravit.Verum
622 3484 655 3524 eo
666 3466 738 3523 inibi
750 3466 872 3539 degente
883 3469 947 3521 orta
1000 3465 1825 3541 utLigerlluviusglaeieobduratusrigcntidorsotraas·

120 3559 168 3612 ost
183 3556 379 3612 controversia
394 3556 470 3613 inter
483 3573 563 3625 suos,
579 3573 655 3628 quos
668 3555 718 3610 illo
738 3555 768 3611 in
792 3554 855 3611 loco
879 3570 946 3611 con·
1000 3553 1075 3609 itum
1091 3571 1150 3611 non
1163 3553 1260 3611 solum
1276 3553 1441 3625 hominum,
1453 3557 1504 3612 sod
1516 3557 1698 3615 diversorum
1707 3574 1824 3631 quoque

120 3645 254 3713 duxerat,
271 3649 299 3701 et
314 3644 390 3702 inter
401 3661 451 3702 eos
465 3645 516 3719 qui
528 3651 594 3702 ante
605 3662 672 3701 cum
683 3643 755 3700 inibi
767 3642 947 3700 habitavisse
1000 3646 1151 3715 patoretur
1165 3641 1382 3713 vehiculorum;
1398 3644 1456 3700 duo
1471 3645 1524 3700 viri
1539 3644 1671 3718 germani
1686 3647 1824 3703 fratrcsa

118 3733 305 3791 vldebantur.
322 3734 385 3791 Non
401 3734 480 3792 enim
500 3735 557 3791 sibi
581 3733 802 3800 conveniebant,
818 3737 847 3789 et
862 3731 946 3806 qnasi
1000 3730 1103 3788 villula
1116 3732 1210 3788 sancti
1221 3728 1349 3788 Marcelli
1360 3749 1425 3806 qua
1436 3733 1513 3788 ultro
1521 3731 1647 3807 Ligerim
1658 3738 1703 3790 cst
1714 3735 1824 3807 egressi

120 3826 199 3881 testa
213 3827 243 3879 et
258 3840 297 3882 as
312 3822 429 3881 misceri
439 3823 560 3881 omnino
571 3822 741 3896 nequibant.
749 3820 830 3878 Unde
840 3820 952 3878 accidit
1001 3826 1081 3890 sunt,
1097 3821 1200 3877 urbem
1217 3825 1314 3895 pctore
1338 3821 1476 3889 volentes,
1494 3822 1589 3878 ferens
1616 3821 1715 3880 caules
1739 3823 1823 3892 alter,

120 3911 342 3985 ut'fartulpbus
349 3912 478 3985 episcopi
493 3913 584 3971 Jacob
595 3911 759 3968 monachus
769 3909 947 3983 quibusdam
1001 3910 1077 3967 altcr
1087 3916 1216 3968 onustus
1231 3910 1371 3967 stramine
1386 3911 1522 3983 aptandis
1538 3910 1676 3968 carnibus
1690 3912 1824 3985 quesite.

119 4000 326 4059 occasionibus
350 4001 530 4074 interceptus
555 4000 725 4058 auctoribus
749 3998 903 4056 Lambcrto
920 4000 950 4053 ct
1001 4001 1030 4058 ls
1043 4000 1143 4074 itaque
1158 4017 1247 4074 super
1262 4001 1397 4057 duratam
1413 3998 1544 4058 fluminis
1559 3999 1664 4058 faeiem
1674 4004 1827 4059 transeun-

118 4089 264 4148 Adelardo
279 4090 463 4164 gravissimis
472 4091 642 4148 verberibus
654 4089 727 4146 foret
737 4088 858 4145 affectus
868 4105 875 4157 ;
885 4082 948 4160 ipsa
1001 4090 1092 4161 tibus,
1102 4107 1170 4148 cum
1175 4091 1239 4162 jam
1248 4107 1321 4164 pene
1331 4089 1360 4145 in
1369 4088 1606 4147 mediossuminis
1614 4089 1827 4160 constitissent,

120 4195 241 4253 quoque
255 4178 412 4253 episcopus
428 4179 597 4252 injuriatus,
613 4184 642 4236 et
651 4176 844 4253 pluspavoris
859 4192 947 4249 quam
1001 4182 1121 4252 repente
1135 4178 1228 4253 glacie
1242 4177 1387 4236 dissoluta
1401 4180 1535 4252 quedam
1551 4177 1636 4252 quasi
1649 4179 1828 4238 tabulacum

120 4267 245 4342 periculi
262 4285 379 4341 passus,
395 4267 506 4326 clavem
520 4274 641 4327 coactus
655 4269 692 4325 de
706 4267 773 4324 sinu
795 4267 947 4340 proferret,
1002 4267 1061 4325 illis
1077 4267 1177 4326 evulsa
1191 4273 1245 4338 est,
1261 4284 1326 4340 qua
1341 4267 1710 4325 subsidensetvifluminis
1724 4270 1830 4343 impul·

120 4357 250 4429 subque
269 4357 334 4428 ejus
358 4374 481 4431 quaque
505 4357 720 4431 pretiosissima
746 4357 946 4414 servabantur.
1003 4374 1037 4414 sa
1050 4373 1218 4431 resurgens,
1235 4356 1393 4430 leviterque
1408 4374 1467 4414 uno
1481 4357 1527 4413 sui
1543 4357 1637 4430 capita
1653 4357 1756 4415 adacto
1775 4375 1829 4416 su-

120 4445 255 4519 Cumque
270 4447 352 4504 isaac
367 4452 395 4503 et
409 4446 541 4520 ligroalis
555 4446 585 4503 id
606 4446 789 4503 Ermenthaeo
813 4445 949 4518 episcopo
963 4488 988 4555 D
1003 4445 1182 4519 perreliqua
1196 4445 1299 4519 glaciei
1315 4445 1461 4503 soliditate
1470 4461 1660 4519 consurgens,
1668 4446 1698 4501 in
1706 4447 1828 4503 modum

121 4535 349 4606 nuntiavissent,
377 4537 565 4593 vehementer
591 4535 640 4592 ille
667 4538 842 4606 commotus,
868 4533 950 4589 misit
1004 4535 1829 4608 sugillavelocissimadecurrit‚necpriusrostititdonec

119 4623 259 4681 valinum
272 4626 416 4682 decanum
426 4624 523 4682 vimm
533 4625 683 4698 egregium
694 4641 762 4681 cum
771 4622 873 4680 multis
883 4621 949 4678 aliis
1004 4629 1095 4680 totam
1110 4626 1245 4681 evaderet
1258 4624 1381 4699 glaciem
1397 4630 1426 4681 et
1440 4623 1533 4681 obviis
1542 4623 1709 4697 gurgitibus
1719 4625 1831 4697 excipe·

121 4712 273 4772 nobilibus
287 4715 338 4786 qui
355 4719 489 4772 auctores
500 4714 619 4770 malitia
634 4712 949 4787 perquirerent,inven-
1005 4718 1095 4771 retur.
1114 4715 1144 4769 ln
1161 4714 1256 4771 medio
1272 4713 1360 4769 fluvio
1375 4730 1433 4786 quo
1448 4717 1509 4770 tota
1521 4713 1566 4768 vis
1576 4712 1708 4769 fluminis
1719 4712 1830 4770 incum-

122 4805 229 4875 tosque
253 4803 354 4876 procul
379 4802 568 4877 expellerent,
590 4803 726 4876 episcopo
756 4807 852 4859 autem
882 4818 950 4858 cum
1006 4806 1103 4873 babet,
1121 4805 1200 4860 rivus
1216 4820 1273 4859 non
1297 4803 1425 4859 multum
1449 4803 1570 4877 grandis
1592 4803 1755 4873 videbatur,
1771 4819 1830 4876 quo

123 4892 207 4949 omni
223 4891 403 4949 honoresue
418 4893 617 4950 restituerant.
631 4893 687 4949 Sed
703 4909 760 4949 non
776 4892 869 4948 multo
886 4895 952 4964 post
1006 4894 1107 4950 tabula
1122 4893 1173 4950 illa
1187 4891 1359 4966 perveniens
1379 4895 1536 4948 trementes
1551 4895 1580 4949 et
1594 4909 1667 4965 pene
1682 4892 1830 4949 exanimes

121 4983 255 5053 ternpore
269 4980 361 5038 Jacob
375 4979 532 5055 episcopus
555 4997 734 5054 cognoscens
758 4985 875 5053 tempus
890 4998 951 5036 sue
1006 4982 1049 5039 sic
1065 4984 1138 5038 ferre
1155 4983 1252 5053 carpit,
1268 4986 1394 5054 utraque
1409 4981 1474 5053 ripa
1488 4980 1574 5054 plena
1598 4982 1830 5051 vociferantium,

123 5068 317 5143 depositionis
332 5069 497 5136 imminere,
513 5074 543 5126 et
557 5071 646 5127 nimis
661 5069 748 5125 illatae
764 5086 877 5126 memor
886 5086 951 5125 mn·
1007 5072 1058 5128 sed
1074 5069 1232 5126 consilium
1249 5087 1395 5142 nusquam
1411 5070 1521 5126 aderat.
1538 5071 1611 5126 Nam
1628 5071 1669 5127 ire
1684 5088 1742 5129 non
1757 5076 1835 5144 pote·

122 5155 204 5226 litie,
216 5158 370 5215 thesauros
385 5158 810 5231 saosatornamcntainsignia
821 5174 872 5231 pcr
881 5174 952 5214 suos
1008 5164 1062 5230 rnt,
1078 5164 1108 5215 et
1122 5159 1193 5214 dum
1207 5158 1332 5231 quisquo
1343 5158 1573 5226 metuit,intrare
1583 5176 1668 5216 nemo
1680 5177 1836 5233 presume-

124 5247 264 5320 partitur,
279 5252 384 5304 catera
398 5248 427 5303 in
443 5247 602 5304 Britanniis
614 5247 775 5304 remittens.
790 5247 858 5303 Post
866 5248 952 5319 cujus
1007 5248 1067 5305 bat.
1086 5249 1186 5320 ltaque
1200 5247 1258 5320 ipsi
1273 5247 1323 5319 qui
1340 5248 1509 5304 ferebantur
1528 5250 1592 5320 jam
1608 5250 1644 5306 de
1658 5251 1718 5307 vita
1732 5251 1835 5323 despe-

124 5336 241 5392 obitum
250 5340 349 5393 atrum
363 5336 538 5393 Benedictus
548 5337 632 5392 adest
642 5340 841 5409 perscrutator
850 5336 953 5391 acorri·
1008 5340 1116 5402 rantes,
1140 5353 1228 5409 super
1252 5335 1406 5392 inimicum
1430 5337 1598 5394 vehiculum
1627 5340 1832 5408 consederunt,

124 5440 206 5492 mus,
221 5426 273 5483 sed
288 5425 403 5483 tardius
419 5442 508 5498 quam
524 5425 636 5482 debuit.
653 5424 815 5498 Episcopus
830 5425 909 5481 enim
921 5424 952 5482 id
1007 5426 1058 5482 Dei
1075 5424 1167 5481 solius
1182 5423 1383 5498 prestolantes
1397 5423 1550 5482 auxilium.
1567 5427 1640 5483 Cum
1655 5430 1757 5484 contra
1771 5443 1833 5483 mo-

126 5512 261 5571 raturum
274 5514 456 5590 prospiciens
472 5514 543 5572 dum
557 5514 652 5573 adhuc
667 5513 785 5587 viveret,
797 5518 829 5572 ut
839 5513 952 5573 dictum
1007 5514 1169 5574 nestorium
1191 5513 1386 5588 advolassent,
1400 5531 1478 5574 unus
1493 5515 1646 5575 ecclesiam
1662 5515 1831 5592 respiciens,

360 5640 652 5701 riacaaxxxvu.
1191 5722 1195 5726 Ι
1578 5644 1613 5702 ιι
