3900 6090
130 237 189 304 ras
756 231 929 308 ncocru'n
954 241 1206 312 nlsnomcou.
1735 331 1737 335 ,
1771 248 1833 321 rat
1905 310 1908 314 .

128 376 219 433 cessit
234 375 315 447 lingo
332 375 360 431 in
378 393 510 449 regnum,
527 378 658 450 liugonis
673 379 770 452 Magni
796 378 885 447 filins,
903 377 950 434 cni
966 376 994 447 A
1009 378 1044 432 de
1060 379 1204 454 Bellojoco
1221 385 1363 456 quaedam
1381 384 1560 444 obedientias
1576 387 1762 443 commendat
1776 387 1832 445 sub

129 465 272 521 suecessit
287 465 443 521 ltotbcrtns
456 466 535 522 illins
546 469 610 539 ejus
622 469 649 523 in
668 469 843 541 regnalluic
855 472 953 523 antem
1008 466 1063 523 hoc
1079 469 1174 526 titulo:
1187 495 1197 521 e
1216 472 1324 528 Notitia
1338 474 1704 547 commendationis‚quam
1717 492 1833 532 venera·
1901 539 1904 544 ,

128 553 271 611 successit
287 553 364 609 filins
380 556 443 626 ejus
458 555 603 624 Alaricus,
621 557 670 629 qni
687 558 773 612 modo
789 558 846 612 Deo
862 559 955 629 prote
1008 556 1076 613 bilis
1093 560 1239 618 memoria
1255 561 1378 618 Maiolus
1393 563 1460 618 iecit
1476 562 1832 636 llumbertodeBellojoco

127 648 222 716 grente,
241 649 328 714 prom
342 647 447 715 potest,
464 662 587 716 regnum
613 645 740 701 Francia
765 646 919 718 gubernat.
940 668 950 693 e
1008 646 1043 701 de
1058 646 1104 703 his
1120 648 1303 719 obedientiis,
1319 650 1430 723 Aigaia,
1448 651 1524 706 Pola.
1543 650 1695 720 Scotiolas,
1709 653 1832 726 Arpaja·

126 733 192 788 llaec
206 750 240 786 ex
253 736 351 788 nostro
368 732 557 805 stephanotio
573 735 749 806 accepimns.
762 734 953 806 ehartaqua-
1007 735 1095 802 coita
1110 737 1224 793 dicens:
1242 737 1421 794 Commendo
1437 740 1490 795 tibi
1507 740 1560 794 has
1575 741 1832 812 supranominatas

126 823 206 887 dam,
233 838 354 877 numero
383 823 436 876 326
465 823 493 876 in
525 823 675 878 Chartae-io
701 823 809 890 Maioli,
835 826 953 878 notatur
1007 824 1189 881 obedientias
1215 827 1251 881 ad
1277 828 1502 882 custodiendum
1528 846 1561 883 ac
1585 828 1833 886 defendenduma

128 935 142 959 α
160 928 237 966 anim
252 912 269 964 5
283 910 414 982 Hugonis
430 912 518 984 regis,
536 911 636 966 Carolo
651 916 732 967 truso
749 913 777 966 in
795 928 919 980 earcere,
938 934 948 959 e

125 997 176 1070 qui
194 997 331 1053 Lndovici
348 1003 471 1070 patruus
487 1003 557 1063 crat,
575 1000 633 1054 dun
651 1000 856 1072 lotharingiae.

161 1088 292 1141 3ennn0
307 1086 360 1141 988
375 1086 479 1141 Maiolo
495 1090 523 1142 et
537 1086 783 1144 Cluniaecnsibns
794 1106 811 1144 a
822 1089 949 1160 {lucidam

124 1174 362 1242 clerico,nornine
379 1175 629 1243 llichardo,elalnr
644 1177 768 1233 ecclesia
782 1178 874 1234 sanct-i
889 1180 949 1233 ltn-

124 1264 200 1319 drea
218 1287 231 1312 e
247 1264 276 1317 in
292 1280 366 1337 pago
381 1263 508 1336 Vapinsc
524 1265 566 1336 (de
582 1264 657 1336 depr),
675 1290 688 1315 n
703 1284 770 1323 cum
794 1269 859 1340 ipsa
881 1267 950 1325 villa

124 1351 259 1418 ltosanis,
277 1355 371 1407 castro
388 1352 585 1417 ltisone‚villis
602 1355 947 1423 Sorbaria,tle1nma,etc.

123 1444 189 1495 tum
205 1441 234 1495 in
252 1463 265 1489 e
282 1441 421 1496 comitatu
437 1441 560 1498 Vnsinse
578 1443 620 1514 (dc
637 1445 835 1513 Vuison),inlra
850 1445 947 1501 termi-

122 1547 177 1584 nos
194 1552 206 1578 n
224 1529 311 1584 castri
328 1529 503 1585 Malancenoe
519 1548 568 1586 scx
584 1533 690 1600 mansi,
702 1533 843 1588 medietas
859 1535 947 1589 castri

123 1618 251 1684 Minson,
267 1623 334 1684 etc,
352 1623 385 1673 nt
409 1619 459 1688 ibi,
476 1619 505 1674 id
528 1624 571 1675 est
596 1619 625 1675 in
653 1621 791 1693 praedicta
814 1619 946 1689 ccclesia,

123 1729 138 1757 α
156 1712 295 1779 perpetuo
311 1708 418 1780 degant
429 1709 575 1763 monachi.
597 1732 606 1757 n

158 1799 202 1852 31.
220 1797 378 1868 Hucusque
394 1813 440 1851 res
456 1802 527 1852 actea
544 1799 598 1853 snb
615 1798 720 1854 Maiolo
745 1798 806 1856 salu
833 1800 947 1866 abbate,

121 1887 173 1959 qni
187 1903 263 1941 anno
278 1885 491 1941 aelectionem
504 1886 558 1942 sibi
569 1886 946 1956 substituendumcuravit;

121 1979 200 2031 unde
222 1973 360 2047 pleraque
384 1979 449 2030 acta
474 1974 588 2031 Odiloni
606 1977 660 2032 soli
677 1977 804 2050 ascripta
819 1981 900 2044 sunt,
916 1982 949 2033 nt

120 2065 253 2120 dicemus
269 2064 298 2118 in
314 2064 447 2136 sequenti
463 2064 557 2137 capite
573 2067 598 2120 8.
617 2065 672 2120 Sed
688 2066 862 2139 priusquam
878 2066 947 2122 hinc

120 2153 250 2220 discedo,
274 2153 462 2208 memoranda
491 2156 560 2210 sunt
588 2153 701 2225 reliqua
725 2159 789 2210 acta
810 2156 867 2211 duo
895 2172 947 2227 per

120 2240 262 2298 Maiolnm
272 2240 498 2310 abbatem,notis
509 2240 655 2297 chronicis
666 2243 945 2315 destituta,quornm

120 2345 213 2384 unum
229 2331 273 2384 est
288 2329 323 2383 de
343 2329 530 2386 concessione
553 2330 676 2386 coenobii
699 2331 793 2387 sancti
816 2330 945 2387 Marcelli

120 2419 199 2490 apud
215 2417 394 2486 cabilonem,
409 2419 444 2473 de
459 2436 517 2490 qna
532 2419 573 2474 sic
589 2419 690 2475 charta
705 2420 838 2475 Tetnatdi
855 2421 944 2476 eomi-

119 2506 158 2561 tis
174 2504 385 2572 Cabilonensis,
403 2522 436 2560 ex
452 2505 598 2561 chartario
614 2506 643 2561 S.
661 2504 788 2562 Marcelli
804 2512 833 2562 et
847 2524 881 2562 cx
897 2505 943 2562 lli-

120 2594 266 2651 bliotheca
281 2594 475 2663 Cluniaecnsi,
492 2595 546 2652 col.
562 2597 624 2651 314.
642 2596 700 2669 Ego
715 2595 745 2651 in
761 2595 812 2652 Dei
828 2594 944 2651 nomine

120 2682 281 2740 'letbaldus
296 2701 394 2739 comes
402 2683 638 2741 cabilonensium
654 2684 869 2741 omnibnsssliis
880 2701 945 2739 san·

120 2776 172 2828 ctae
184 2770 319 2827 Ecclesia
330 2773 358 2827 in
371 2773 494 2828 Domino
505 2773 640 2828 salutem.
648 2773 750 2828 Audivi
760 2773 943 2846 apraedeees-

120 2859 238 2917 caribus
254 2861 327 2916 meis
344 2866 372 2916 et
384 2861 487 2916 vicinis
503 2861 632 2934 antiquis
646 2861 717 2918 viris
733 2863 810 2935 quod
827 2861 945 2917 nobilis·

119 2949 214 3006 simus
226 2966 323 3005 comes
338 2949 570 3023 Ganlredus,qni
587 2955 653 3023 post
668 2956 790 3007 mortem
802 2955 943 3024 praestan·

118 3037 225 3095 tissimi
244 3043 272 3094 et
288 3038 532 3095 Christianissimi
545 3041 713 3096 comitisavi
730 3041 786 3096 mei
797 3039 943 3096 Lambcrti

119 3128 231 3199 accepit
245 3128 309 3198 ejus
324 3129 478 3202 conjugem
489 3129 584 3185 aviam
593 3146 687 3184 meam
701 3128 889 3184 ddhcleidam
899 3145 944 3185 co·
958 3106 979 3174 C

118 3216 277 3284 mitissnm,
289 3218 413 3273 accessit
429 3218 464 3273 ad
480 3219 569 3274 beata
587 3218 796 3275 recordationis
807 3219 943 3274 abbatom

119 3304 269 3372 Maiolnm,
287 3309 315 3360 et
330 3307 545 3362 commendavit
560 3306 602 3363 illi
616 3307 826 3364 monasterium
847 3308 877 3363 in
892 3325 945 3364 su·

118 3392 223 3450 burbio
238 3392 475 3451 cabilonensium
492 3395 617 3451 civitatis
632 3414 649 3451 n
663 3396 844 3452 Gnntramno
860 3397 943 3452 nobi·

118 3480 234 3536 lissima
250 3486 278 3537 et
296 3482 432 3555 religioso
456 3499 523 3555 rege
547 3484 702 3556 magnifice
727 3487 941 3551 constructum,

120 3567 171 3622 ubi
188 3568 344 3640 requiescit
360 3585 466 3641 corpas
483 3571 514 3625 a.
532 3569 658 3626 Marcelli
684 3571 833 3643 martyris,
849 3588 883 3627 eo
898 3576 942 3627 te-

119 3673 201 3724 nore,
217 3661 249 3712 ut
271 3656 440 3729 religionem
464 3658 617 3714 monastici
643 3659 846 3731 ordinisque
871 3677 943 3732 pene

117 3744 159 3801 ibi
175 3744 284 3800 abolita
299 3746 404 3813 fuerat,
423 3747 605 3814 reformaret,
621 3752 650 3802 et
666 3752 773 3802 terram
788 3752 816 3803 et
831 3765 944 3820 posses-

117 3834 217 3890 siones
231 3834 267 3888 ad
282 3834 380 3906 ipsum
398 3835 493 3890 locum
509 3835 688 3907 pertinentes
703 3836 855 3906 excoleret,
867 3842 896 3893 ct
911 3843 943 3894 nt

116 3924 182 3996 ipse
197 3927 225 3977 at
240 3940 423 3979 successores
438 3925 503 3995 ejus
518 3924 724 3981 Cluniaecnses
745 3926 865 3982 abbates
881 3943 943 3982 mo·

1007 912 1094 967 nitelis
1109 918 1137 968 et
1152 915 1295 985 perversis
1311 914 1523 981 hominibusin
1541 916 1602 971 loco
1622 915 1832 974 satisfactionis

1006 1004 1035 1055 et
1050 1003 1265 1058 emendationis
1282 1021 1332 1076 pro
1344 1004 1508 1060 innumeris
1523 1005 1687 1077 malisque
1703 1005 1832 1062 nobisic·

1006 1090 1139 1163 cisti,pro
1155 1090 1263 1164 quibus
1279 1096 1306 1147 te
1319 1093 1574 1148 excommunicare
1589 1092 1750 1148 debeamus
1767 1111 1774 1149 τ
1790 1093 1832 1150 ita

1005 1181 1150 1246 tnmen,ut
1165 1180 1343 1252 pauperibus
1360 1181 1467 1237 nostris
1484 1180 1587 1236 reddas
1604 1197 1667 1252 qna
1683 1184 1714 1235 tu
1729 1180 1772 1237 eis
1787 1185 1831 1238 tu·

1004 1265 1075 1323 listi.
1094 1268 1178 1323 Facio
1192 1272 1290 1324 aretem
1306 1269 1380 1324 hanc
1396 1269 1680 1324 commendationem
1695 1260 1759 1337 libi,
1772 1286 1829 1326 non

1004 1361 1036 1411 ut
1052 1356 1179 1428 aliquem
1196 1374 1316 1414 censum
1336 1374 1386 1428 per
1399 1357 1640 1412 consuetudinem
1652 1357 1784 1429 requiras
1800 1358 1829 1413 in

1003 1444 1050 1500 his
1076 1444 1268 1513 obedientiis;
1292 1446 1369 1519 quod
1395 1463 1462 1501 eum
1485 1462 1603 1502 summa
1627 1445 1778 1518 diligentia
1801 1450 1830 1504 et

1004 1532 1258 1590 animadversione
1289 1534 1430 1590 interdico
1455 1538 1484 1588 et
1512 1533 1745 1601 excommunica,
1771 1534 1828 1592 nisi

1003 1624 1119 1676 tantum
1136 1622 1159 1676 si
1176 1621 1334 1678 transitum
1360 1621 1500 1678 habueris
1521 1621 1606 1693 juxta
1631 1622 1828 1678 obedientiam

1002 1725 1070 1764 curn
1085 1710 1103 1762 a
1118 1714 1168 1764 ant
1186 1711 1218 1765 ¹0
1232 1709 1388 1776 militibus,
1405 1716 1432 1766 et
1447 1709 1609 1766 monachus
1627 1714 1785 1783 spontanee
1800 1715 1828 1768 tc

1004 1797 1359 1865 admonuerit,retmies‚et
1374 1803 1441 1870 post
1455 1797 1641 1853 relectionem
1658 1797 1733 1853 viam
1745 1803 1827 1855 tuam
1906 1870 1909 1876 Ι

1003 1890 1170 1953 teneas,nec
1186 1902 1348 1958 praesumas
1365 1886 1404 1941 ibi
1416 1885 1695 1957 jacere.S.dlbcrici
1710 1886 1828 1945 comitis

1003 1974 1052 2046 qui
1067 1974 1143 2031 hanc
1158 1974 1292 2030 notitiam
1308 1973 1448 2029 laudavit.
1464 1997 1478 2024 »
1496 1973 1550 2030 Ubi
1566 1974 1648 2029 vides
1668 1974 1828 2032 obedientia}

1000 2063 1175 2119 ivoeahulum
1187 2064 1251 2134 jam
1268 2069 1420 2136 sumptum
1437 2062 1570 2119 saculox
1586 2079 1638 2134 pro
1664 2062 1827 2120 ministerio

1002 2168 1052 2208 seu
1082 2151 1166 2219 cella,
1188 2151 1234 2207 cni
1264 2169 1343 2208 anns
1371 2152 1505 2225 pluresve
1534 2152 1670 2207 monachi
1700 2152 1825 2224 preelecti

1001 2245 1094 2297 crant.
1112 2241 1261 2297 llactenus
1276 2242 1472 2296 instrumenta
1488 2241 1635 2313 praecipua
1651 2240 1706 2297 sub
1721 2240 1827 2299 Maiclo

1000 2329 1078 2385 iacta
1094 2330 1327 2403 retulimus,qum
1345 2329 1444 2385 omnia
1461 2347 1518 2384 non
1530 2329 1634 2385 Maiolo
1650 2328 1770 2401 ipsi,sed
1781 2329 1826 2386 vel

1001 2419 1180 2474 monasterio
1203 2417 1399 2486 cluniacensi,
1417 2419 1463 2473 eui
1489 2417 1613 2473 Maiolus
1634 2417 1826 2490 perpenetrat

1000 2507 1164 2574 monachis,
1181 2505 1224 2561 rel
1242 2507 1365 2562 certain
1381 2524 1488 2562 monus
1504 2505 1601 2561 Maioli
1616 2507 1731 2562 abbatis
1750 2507 1827 2562 tacta

1000 2594 1148 2662 dicuntur,
1165 2594 1208 2650 nti
1224 2599 1252 2650 ct
1266 2594 1374 2667 quavis
1396 2595 1458 2649 alia
1484 2594 1656 2650 donationes
1681 2598 1828 2650 monaste·

999 2683 1050 2739 riis
1080 2685 1183 2739 lacta:
1215 2701 1271 2755 quo
1302 2684 1397 2754 magis
1426 2683 1524 2737 mirari
1560 2683 1639 2737 subit
1668 2681 1826 2739 nonnullos

999 2772 1144 2839 homines,
1163 2773 1233 2845 quia
1248 2771 1347 2828 abbati
1363 2789 1420 2827 non
1436 2770 1589 2826 monachia
1612 2768 1759 2843 quaslibet
1774 2770 1844 2827 do·‘

1000 2861 1132 2917 nationes
1161 2863 1252 2917 laetas
1280 2860 1371 2917 fuisso
1399 2860 1508 2915 audent
1536 2860 1693 2926 altlrmare,
1724 2863 1853 2937 contra,

998 2955 1108 3006 certam
1124 2955 1153 3006 et
1167 2949 1347 3022 exploratam
1362 2953 1492 3004 veterum
1504 2948 1700 3004 traditionem.
1715 2946 1825 3004 Omnes

998 3040 1105 3096 charta
1121 3040 1175 3095 snb
1193 3037 1298 3094 Maiolo
1313 3038 1435 3093 condita
1452 3041 1521 3092 sunt
1534 3053 1656 3103 numero
1671 3034 1734 3091 859.

1118 3128 1152 3182 V.
1165 3127 1325 3183 llonoatcrio
1339 3143 1388 3198 per
1402 3125 1531 3182 Maiolnm
1546 3127 1702 3197 resonante.

1033 3218 1245 3290 33.Pastquam
1260 3215 1356 3271 varias
1380 3215 1552 3271 donationes
1576 3214 1715 3271 Cluniaco
1730 3215 1822 3272 lactas

999 3305 1165 3372 retulimus,
1183 3321 1261 3360 nunc
1286 3304 1321 3359 dc
1344 3303 1456 3358 caeteris
1478 3303 1543 3374 ejus
1567 3302 1652 3359 lactis
1677 3302 1823 3376 agendum

998 3400 1042 3451 est
1058 3412 1065 3449 :
1081 3413 1138 3466 qno
1155 3394 1184 3449 in
1200 3410 1304 3466 genere
1320 3392 1414 3447 multa
1428 3392 1463 3446 dc
1479 3393 1543 3463 ejus
1557 3391 1716 3448 virtutibus
1734 3391 1826 3449 tradit

998 3485 1099 3557 Syrus,
1115 3501 1179 3556 qua
1195 3481 1327 3538 hocloco
1343 3486 1471 3552 repetere
1496 3497 1554 3535 non
1567 3481 1661 3552 juvat.
1678 3478 1825 3537 Nonnulla

998 3572 1132 3628 retulisse
1158 3570 1295 3637 sufficiat,
1320 3586 1384 3640 qnae
1407 3568 1604 3624 illustratione
1629 3568 1772 3641 indigent.
1788 3569 1823 3625 ln

997 3659 1101 3733 primis
1116 3657 1373 3714 commemoranda
1388 3657 1467 3711 venit
1481 3658 1544 3725 ejus
1556 3655 1740 3712 familiaritas
1755 3672 1822 3713 cum

997 3749 1216 3819 OttoneMagno
1232 3744 1386 3816 senprimo
1402 3743 1592 3815 ejusqnefilio
1606 3744 1709 3800 Ottone
1722 3761 1824 3800 secun·

998 3839 1045 3904 da,
1062 3841 1171 3892 etcum
1195 3832 1353 3889 adheleide
1367 3834 1499 3905 Augusta
1523 3831 1628 3904 prioris
1645 3849 1742 3900 uxore,
1759 3850 1823 3905 que

997 3943 1065 3982 enm
1082 3926 1117 3981 ad
1134 3923 1344 3979 restituendam
1361 3921 1390 3975 ia
1407 3919 1508 3975 multis
1533 3919 1719 3976 monasteriis
1734 3936 1822 3994 regu-

116 4011 281 4067 nasterium
307 4013 514 4084 perpetualiter
533 4013 674 4070 haberent
697 4020 725 4070 et
748 4014 941 4087 possiderent.
998 4014 1089 4070 larem
1105 4011 1292 4084 disciplinam
1310 4009 1452 4064 adhibuit
1470 4009 1510 4063 lle
1525 4009 1630 4065 Ottone
1642 4009 1747 4082 Magno
1762 4008 1823 4066 hec

116 4100 308 4156 Huncantem
320 4102 603 4158 commendationem
614 4102 868 4160 siredonationem
879 4105 944 4161 lecit
998 4105 1089 4177 Syrus
1102 4099 1250 4157 memoria
1266 4097 1394 4172 prodidit
1417 4098 1446 4152 in
1463 4097 1515 4153 lib.
1531 4114 1571 4152 n:
1596 4097 1721 4170 Magnus
1744 4097 1822 4167 Otto,

116 4187 309 4259 supradictus
325 4205 422 4244 comes
438 4191 601 4246 (lantredus
618 4192 725 4248 domno
746 4192 851 4249 Maiolo
875 4211 943 4250 cum
999 4192 1048 4266 qni
1063 4197 1134 4248 tunc
1149 4188 1291 4261 temporis
1308 4187 1520 4260 rempublicam
1541 4187 1734 4259 gubernabat,
1750 4187 1823 4243 tanti

117 4275 242 4332 consilio
255 4277 460 4351 conjugissuee
472 4276 617 4335 adeleidis
628 4280 715 4336 etsslii
728 4282 942 4356 ejusllngonis,
998 4284 1051 4339 viri
1076 4283 1183 4337 virtute
1208 4277 1402 4352 plurimorum
1428 4276 1567 4332 relatione
1583 4279 1742 4347 comperta,
1759 4277 1824 4348 ejus

116 4370 190 4421 tunc
206 4364 313 4433 clerici,
324 4371 425 4437 pastea
440 4367 578 4440 episcopi,
592 4369 748 4440 adjuvante
764 4375 792 4427 et
807 4370 944 4428 laudante
999 4368 1184 4444 praesentiam
1201 4365 1352 4423 ardentius
1367 4363 1513 4437 cupiebat.
1531 4364 1583 4419 llic
1598 4362 1674 4418 enim
1690 4361 1744 4431 vir,
1756 4361 1825 4419 licet

117 4453 244 4510 ilenrico
268 4454 352 4510 duce.
379 4456 481 4512 Postea
504 4473 570 4512 vero
595 4463 734 4531 regnante
756 4459 943 4516 serenissimo
958 4477 983 4543 D
998 4457 1143 4532 imperiali
1159 4457 1303 4530 potiretur
1318 4453 1445 4526 fastigio,
1462 4469 1571 4525 magna
1585 4456 1683 4508 tumen
1704 4455 1767 4507 erat
1781 4451 1823 4507 illi

118 4558 187 4616 rege
203 4543 339 4599 lictberto
353 4545 515 4602 avunculus
527 4562 610 4602 meus
620 4547 944 4621 domnnallugocomes
998 4550 1076 4605 circa
1089 4544 1268 4603 monasteria
1281 4542 1412 4611 devotio;
1429 4541 1497 4614 qnia
1512 4555 1697 4613 nequaquam
1714 4555 1745 4595 se
1760 4537 1823 4596 leli-

118 4635 148 4686 et
171 4629 339 4702 episcopus,
357 4637 498 4704 prasente
521 4633 584 4706 ipso
610 4651 677 4709 rege
700 4639 729 4691 et
744 4637 901 4694 comitibus
916 4644 945 4696 et
998 4640 1071 4696 citer
1087 4635 1243 4708 imparium
1259 4632 1398 4705 sperabat
1414 4636 1522 4698 tenere,
1538 4628 1595 4684 nisi
1617 4645 1735 4684 summo
1752 4627 1824 4702 Regi

117 4717 264 4791 episcopis
280 4717 365 4775 istius
381 4720 492 4792 patria,
509 4723 679 4779 monasterii
696 4725 805 4780 donum
823 4726 944 4783 tradidit
969 4741 972 4747 ’
998 4728 1129 4783 studeret
1145 4740 1202 4779 non
1218 4718 1382 4794 displicere.
1400 4719 1434 4774 ut
1449 4718 1513 4773 ideo
1530 4717 1637 4789 sapius
1648 4716 1823 4789 ingemisce·

119 4807 227 4862 domno
244 4806 360 4864 Odiloni
376 4811 485 4876 abbati,
507 4812 669 4870 successori
695 4814 809 4872 abbatis
834 4814 942 4886 Maioli,
998 4817 1057 4884 bnt,
1074 4815 1146 4869 dum
1161 4811 1210 4884 qui
1227 4826 1279 4882 per
1292 4805 1443 4879 religionis
1458 4805 1591 4861 habitum
1608 4805 1712 4861 Densa
1733 4804 1822 4860 devo·

118 4899 153 4950 ut
169 4896 231 4967 ipsc
242 4897 310 4968 jure
326 4898 519 4956 antecessoris
534 4901 580 4956 sni
592 4901 688 4958 locum
698 4902 944 4972 baberet,tcneret
997 4907 1110 4970 verant,
1126 4897 1257 4956 seculari
1272 4896 1400 4952 intentos
1416 4893 1533 4968 negotio
1556 4893 1598 4950 ire
1624 4910 1676 4966 per
1699 4892 1824 4965 abrupta

118 5001 154 5040 ac
169 4984 404 5061 possideretllgo
420 5005 486 5044 vero
501 4989 596 5062 gratia
610 4989 661 5046 Dei
676 5008 773 5047 comcs
784 4991 943 5050 'letbaldus
998 4992 1144 5049 cernebat.
1159 4989 1194 5044 llt
1210 4986 1297 5041 inira.
1314 4984 1386 5040 Huic
1402 4985 1530 5055 conjunx
1545 4981 1682 5040 Adheluis
1705 4980 1825 5039 inhere-

118 5073 198 5144 quod
215 5077 413 5132 nritecessores
429 5078 485 5133 mei
503 5083 532 5134 et
552 5083 688 5151 parentes
713 5079 771 5135 Deo
794 5085 822 5136 et
843 5087 944 5139 sancto
998 5083 1059 5149 bat,
1074 5097 1137 5151 quee
1153 5077 1211 5132 Deo
1226 5072 1363 5131 amabilis
1388 5077 1417 5128 et
1440 5072 1580 5128 omnibus
1603 5070 1766 5144 diligibilis,
1782 5070 1825 5128 aa

119 5160 203 5216 Petro
219 5167 247 5216 et
262 5161 324 5218 loco
339 5164 523 5222 cluniacensi
548 5167 702 5234 dederunt,
719 5166 816 5236 lando,
833 5170 897 5226 volo
917 5175 946 5227 ot
999 5167 1088 5242 regali
1115 5163 1308 5237 copulabatur
1335 5166 1408 5228 toro,
1424 5164 1457 5215 ut
1473 5165 1600 5215 mentem
1616 5164 1728 5216 castam
1743 5159 1824 5215 omni

117 5250 262 5314 demeat
287 5252 368 5306 uxori
393 5271 464 5310 meae
489 5256 605 5310 etmeis
630 5255 945 5315 tidelibuslnudarcet
999 5254 1132 5314 custodia
1152 5252 1223 5324 [tegi
1247 5254 1377 5307 servaret
1403 5266 1541 5320 superno.
1559 5270 1573 5298 a
1604 5247 1711 5303 Subdit
1732 5248 1824 5320 Syrus

117 5338 237 5392 firmare
253 5339 336 5406 secio,
354 5342 547 5414 designem
563 5341 696 5397 'letbaldi
712 5323 837 5410 comitis,
855 5344 884 5401 S.
896 5347 945 5401 Er·
999 5344 1138 5403 Maiolnm
1153 5339 1268 5395 venisse
1284 5338 1312 5393 in
1329 5337 1484 5392 amborum
1509 5337 1641 5392 notitiam
1661 5333 1823 5406 presertim

118 5426 286 5480 mcntrndis
302 5428 366 5498 ejus
382 5431 525 5501 conjugis,
540 5436 594 5486 etc.
999 5433 1142 5492 exrelatu
1159 5425 1284 5484 Heldrici
1309 5425 1385 5480 inter
1407 5425 1553 5497 palatinas
1576 5422 1724 5496 precipui.
1743 5421 1824 5480 Unde

154 5514 200 5567 32.
216 5513 278 5569 Alia
293 5516 394 5573 charta
409 5522 453 5573 est
469 5520 565 5574 Maioli
582 5520 769 5594 abbatisque
784 5521 943 5580 llumbcrto
1000 5527 1108 5583 sactum
1136 5523 1190 5586 cst,
1207 5521 1240 5571 ut
1264 5514 1331 5571 Otto
1356 5513 1497 5569 Maiolnm
1514 5517 1685 5570 accerseret.
1703 5535 1713 5562 e
1731 5514 1823 5579 Quem
