3900 6090
122 244 184 309 '153
825 249 929 311 vira.
948 282 985 294 -
1002 251 1076 312 LlB.
1098 251 1136 310 ll.
1770 248 1830 312 '154

124 377 225 436 unisse
238 378 384 451 precibus,
398 379 475 452 quod
492 381 545 436 iste
556 385 616 437 tam
628 380 690 438 cite
702 382 820 441 sanitati
832 388 876 440 est
888 382 949 438 red·
963 386 989 451 Α
1005 383 1101 438 bebai.
1118 381 1225 438 Christi
1242 382 1312 456 quin
1329 382 1416 440 etiam
1433 383 1555 440 indutus
1571 381 1773 456 tunica,quns
1785 401 1829 442 se-

124 467 560 540 ditusllocplanemiraeulum
570 471 708 527 tratribus
720 471 797 527 fideli
811 471 951 528 relatione
1007 471 1830 544 quebaturvestigia,miraqueornatuspatientio,meliora

124 573 192 613 eum
209 556 312 612 suisset
325 556 468 630 agnitum,
486 557 624 632 deinceps
644 559 672 614 in
699 578 805 634 magna
829 576 949 616 venera·
1006 561 1168 615 secundum
1182 559 1354 632 Apostolum
1369 560 1474 616 sectari
1490 577 1606 633 semper
1615 561 1751 616 studebat
1762 560 1830 617 cha·

122 644 620 717 tienehaberecaeperuntbeatum
634 647 950 720 Maiolum,qnemjam
1006 647 1139 704 rismata.
1157 650 1281 721 ideoque
1296 648 1365 705 vitia
1380 651 1549 715 aversando,
1562 649 1597 704 de
1609 648 1715 705 virtute
1732 650 1760 705 in
1776 649 1831 705 vir·
1895 651 1902 658 '

123 733 164 789 ita
181 734 238 788 Deo
255 732 420 806 proximum
437 741 576 791 noverant
590 737 725 792 effectum
742 736 950 810 persignade
1005 741 1098 793 tutem
1114 739 1301 809 proficienda,
1320 756 1372 811 per
1386 738 1556 794 obedientie
1580 738 1775 809 quadruvium
1793 738 1829 795 ad

122 828 232 879 tulum.
1005 827 1181 882 humilitatis
1197 845 1288 899 nsque
1301 844 1472 898 supremum
1485 826 1655 882 conscendit
1668 825 1829 898 fastigium.

159 912 230 966 xvi.
247 914 385 967 llarar'tior
401 913 463 968 inde
477 916 613 983 sartae—
629 915 685 970 Sed
698 915 741 969 vir
756 916 867 980 baeatus,
886 915 949 989 glo·
1007 917 1062 971 Sed
1079 917 1148 988 qnia
1163 916 1359 972 obedientium
1380 934 1466 970 nenio
1490 915 1565 970 salat
1590 915 1662 970 bene
1686 915 1830 988 imperare

123 1002 168 1056 ria
179 1000 273 1055 laudis
285 1001 408 1072 abjecta,
419 1001 602 1073 plusdespici
613 1019 701 1074 quarn
711 1004 839 1058 venerari
852 1004 880 1057 in
892 1003 947 1058 hac
1007 1004 1158 1075 subjectis,
1176 1005 1231 1059 nisi
1248 1006 1322 1059 banc
1346 1004 1408 1074 ipse
1432 1003 1567 1059 didicerit
1589 1003 1671 1074 prius
1695 1002 1830 1059 exhibere

123 1091 245 1161 cupiens
259 1089 328 1156 vita,
342 1107 398 1161 quo
410 1091 531 1145 fratrum
548 1090 700 1147 devotione¹
711 1093 851 1148 attentius
862 1092 950 1148 lieno·
1005 1091 1148 1164 praelatis;
1166 1093 1229 1148 ideo
1244 1093 1322 1147 hunc
1338 1092 1423 1164 lango
1440 1097 1568 1164 ternpore
1585 1092 1634 1147 Dei
1650 1091 1830 1163 dispensatio

122 1178 255 1243 robatur,
272 1194 306 1232 ee
322 1179 416 1249 magis
432 1179 510 1232 omni
529 1196 559 1234 se
583 1178 694 1234 vilitate
716 1184 743 1236 et
768 1180 950 1237 extremitate
1005 1181 1107 1237 statuit
1122 1181 1299 1247 subessent
1315 1182 1371 1237 sub
1386 1181 1507 1237 ulterius
1518 1180 1685 1253 magisterio
1695 1181 1828 1249 disceret,

122 1265 309 1340 dignabatur.
338 1264 475 1322 Omnium
505 1267 571 1324 llcet
600 1267 740 1324 charitate
770 1267 947 1341 diligeretur,
1005 1269 1341 1341 quemodosineerrore
1358 1270 1423 1327 aliis
1448 1273 1549 1342 postea
1573 1285 1696 1341 preesse
1721 1271 1829 1340 posset.

122 1352 301 1410 munditiam
316 1357 416 1409 tamen
436 1355 534 1412 cordis
558 1374 593 1412 ne
616 1357 760 1428 jactantia
786 1357 950 1425 redonata
1004 1356 1655 1431 Ategohieabefflorationiseperepanlolum
1668 1358 1828 1430 respirabo,

124 1442 822 1502 nemineselaudorivolebat.Etideehominibus
834 1447 948 1520 fugiens
1004 1451 1036 1503 ut
1050 1447 1181 1503 debiturn
1198 1448 1286 1504 finem
1302 1448 1349 1503 bic
1365 1446 1439 1503 liber
1454 1447 1588 1521 accipiat,
1605 1447 1830 1520 indignaquan·

123 1548 189 1589 esse
204 1532 232 1588 in
249 1532 352 1603 pretio,
365 1549 419 1588 sua
430 1550 461 1588 se
477 1533 655 1591 conscientia
670 1533 792 1591 charum
804 1535 861 1592 Deo
873 1535 949 1591 exhi·
1004 1552 1092 1608 quam
1108 1537 1170 1610 cogi
1188 1537 1326 1593 brevitate
1342 1543 1490 1609 queratur.

731 1743 891 1828 LIBER
922 1728 1225 1831 SECUNDUS

159 1889 181 1945 l.
198 1889 284 1946 Atlas
299 1889 467 1962 desigantur,
484 1891 530 1947 sed
552 1893 678 1947 siscitari
702 1900 816 1948 reoruct.
834 1924 866 1931 -
881 1891 947 1947 Cer·
964 1894 988 1959 [J
1003 1891 1133 1948 officium
1149 1892 1281 1948 divinum
1295 1891 1347 1948 tibi
1364 1908 1421 1946 non
1438 1893 1530 1946 deerit
1544 1890 1781 1947 auxilium‘lnnc
1797 1891 1829 1944 li·

122 1977 796 2052 nensintereavirDominiHepnnardusbcatmn
808 1980 947 2037 Maiolum
1003 1978 1827 2052 bellumquemtortamanngestabatprotcndens:llunc,

121 2067 265 2123 virtutum
282 2066 386 2138 pennis
411 2069 447 2123 nd
472 2067 531 2124 elta
556 2068 687 2136 subrebi,
705 2073 820 2125 terrena
843 2075 949 2127 cuncta
1003 2068 1108 2141 inquit,
1125 2073 1156 2124 tu
1172 2069 1309 2124 comitam
1324 2069 1441 2134 habeto,
1453 2069 1576 2141 ejusque
1587 2067 1754 2124 testimonia
1765 2083 1828 2139 quie

123 2155 284 2228 despicere,
301 2157 403 2212 mnndi
420 2156 543 2230 gloriam
559 2156 715 2226 declinare,
730 2159 827 2215 verbis
837 2158 946 2232 pluere,
1002 2157 1116 2230 agenda
1131 2160 1200 2213 sunt
1211 2156 1372 2230 agitaflec
1383 2160 1481 2212 autem
1491 2155 1543 2228 qni
1553 2155 1741 2223 sabatur,non
1753 2154 1828 2211 alius

123 2242 275 2300 miraculis
289 2244 455 2313 obscurare,
473 2262 506 2301 eo
521 2249 581 2302 toto
591 2247 906 2304 conaminedsvirtute
918 2248 947 2304 in
1002 2247 1059 2303 sibi
1076 2262 1165 2318 qnam
1181 2246 1213 2302 B.
1229 2245 1404 2302 Benedictus
1422 2245 1586 2301 videbatur.
1603 2245 1704 2316 ltaque
1718 2242 1774 2300 hee
1786 2242 1828 2299 vi·

122 2332 263 2388 virtutem
277 2331 350 2389 velle
363 2333 504 2406 prolicere
517 2352 523 2390 :
536 2338 566 2390 at
580 2339 682 2391 contra
696 2351 727 2391 se
742 2334 949 2403 infirmumlu·
1002 2334 1083 2391 sione
1099 2332 1314 2407 aliquantulum
1330 2338 1488 2402 recreatus,
1504 2331 1631 2389 titubare
1653 2332 1783 2406 nequivit
1797 2348 1828 2388 se

123 2419 204 2477 mine
217 2419 373 2494 privatum,
384 2420 465 2478 senio
477 2422 689 2496 fessum,atqna
699 2424 825 2479 emerita
836 2422 947 2480 militias
1002 2422 1038 2479 ad
1054 2422 1110 2478 boo
1125 2437 1199 2495 opus
1210 2422 1309 2478 divina
1319 2422 1382 2495 cogi
1393 2421 1749 2493 dispensatione-laetans
1759 2436 1828 2494 argo

121 2508 188 2582 jam
202 2511 382 2576 veteranum,
399 2511 563 2567 convocatis
579 2511 608 2567 in
624 2528 717 2568 unum
733 2512 882 2582 iratribus,
900 2513 948 2571 his
1002 2511 1032 2567 in
1048 2510 1171 2568 Domino
1186 2526 1287 2566 curam
1303 2526 1399 2576 suam,
1416 2514 1569 2582 totumque
1584 2525 1672 2565 suum
1697 2509 1827 2582 possein

123 2597 354 2670 aoseompellare
364 2598 451 2671 etapit
461 2600 599 2656 affatibus
607 2617 613 2655 :
622 2601 667 2656 Me
678 2600 824 2673 privatum
836 2601 948 2680 lumina
1002 2600 1067 2673 ejus
1081 2615 1193 2672 ponens
1205 2597 1294 2666 relle3
1311 2598 1388 2655 sacto
1399 2597 1524 2654 manain
1535 2600 1677 2653 conventu
1689 2597 1824 2662 fratrum,

123 2685 208 2744 vobis
219 2685 330 2743 utiliter
338 2688 627 2759 praessedeearnitis
638 2688 759 2745 minima
770 2689 949 2763 posseldeo·
1002 2704 1122 2762 corpora
1146 2687 1175 2742 in
1200 2693 1307 2743 terram
1334 2692 1489 2760 prostrato,
1514 2690 1575 2741 tam
1606 2685 1714 2753 abbati,
1735 2701 1825 2757 quam

123 2791 183 2850 qua
197 2774 286 2831 talem
301 2791 336 2831 ex
349 2774 432 2832 vobis
447 2775 521 2849 ipsis
536 2777 644 2849 eligite,
656 2777 705 2850 qui
721 2780 800 2833 tuter
810 2783 948 2836 etcuetos
1002 2777 1141 2833 omnibus
1157 2774 1296 2832 tratribus
1312 2773 1454 2831 satisfecit
1468 2777 1498 2830 in
1509 2772 1646 2846 capitulo,
1659 2788 1785 2845 arguens
1795 2788 1826 2828 se

123 2863 165 2921 sit
178 2862 260 2918 vobis
274 2863 304 2918 in
320 2863 370 2919 Dei
387 2863 586 2920 famulamine.
604 2862 663 2920 lllis
678 2868 775 2920 autem
791 2864 949 2921 hesitanti·
1003 2865 1106 2938 culpe,
1122 2863 1233 2936 talique
1247 2881 1297 2920 eos
1312 2864 1487 2921 conveniens
1502 2860 1754 2918 sermocinatione.
1772 2860 1825 2917 «Ο

123 2953 191 3019 bus,
207 2955 236 3006 et
250 2951 322 3007 nihil
343 2951 380 3008 ad
405 2952 466 3008 hac
490 2953 746 3025 respondentibus,
762 2955 839 3026 quod
865 2971 949 3011 mens
1003 2955 1113 3021 Patres,
1130 2969 1146 3010 o
1163 2955 1278 3019 tratres,
1294 2952 1348 3007 hcc
1362 2947 1551 3007 contumacia
1567 2950 1706 3023 deputare
1723 2947 1824 3017 nolite,

123 3044 296 3112 conceperat
310 3040 408 3096 divina
426 3040 626 3114 inspiratione,
642 3040 778 3116 allegavit
802 3058 946 3114 sermone,
1003 3044 1080 3116 quod
1096 3041 1243 3097 obstinato
1259 3043 1357 3096 aninro
1371 3043 1472 3096 vestre
1483 3037 1612 3110 jussioni
1636 3035 1738 3094 distuli
1757 3037 1825 3093 obe·

123 3127 243 3184 beatum
252 3127 390 3184 Maiolum
401 3134 430 3185 ut
440 3129 580 3202 eligerent
589 3129 858 3197 adhortans‚solum
870 3131 948 3189 hunc
1003 3131 1076 3187 dire.
1091 3131 1262 3186 Animarum
1275 3129 1353 3185 enirn
1365 3127 1515 3201 regiminis
1526 3128 1597 3182 dnm
1607 3125 1666 3181 vim
1677 3130 1706 3182 et
1716 3125 1827 3198 magni·

123 3216 947 3278 essendidotfieiumidoneumeitirmans.Unusemnium
1003 3220 1135 3276 tudinem
1152 3224 1249 3274 mente
1269 3222 1423 3290 pertracto,
1440 3233 1511 3272 mea
1535 3213 1734 3271 imbecilitatis
1756 3229 1825 3269 con-
1913 3246 1916 3251 -

123 3320 297 3372 consensus,
315 3323 366 3361 aec
391 3307 491 3380 dispar
514 3307 570 3363 luit
592 3308 723 3364 ollactus.
741 3307 863 3365 Cernere
886 3315 948 3367 erat
1003 3307 1092 3377 seius,
1110 3308 1216 3364 adhoc
1239 3305 1460 3380 suscipiendum
1485 3304 1606 3360 minime
1627 3319 1675 3359 me
1689 3302 1750 3358 lore
1763 3302 1826 3358 ido·

124 3408 228 3448 omnes
245 3393 274 3448 in
289 3410 417 3451 consona
439 3398 505 3451 vota
529 3401 657 3452 ruentes.
674 3396 806 3470 Namque
829 3399 948 3471 agmina
1002 3414 1089 3455 neum
1106 3396 1217 3463 sentio;
1234 3400 1263 3452 et
1276 3396 1340 3450 ideo
1354 3395 1409 3450 luit
1432 3392 1602 3450 obedientie
1628 3391 1740 3460 dilatio,
1756 3391 1827 3464 qnia

122 3481 336 3539 monachorum
350 3488 379 3538 et
393 3482 565 3540 clericorum
576 3483 723 3540 nobilibus
734 3485 803 3541 viris
813 3490 949 3542 conserta
1001 3490 1075 3541 tanti
1091 3485 1228 3557 penderis
1244 3486 1299 3539 sub
1316 3483 1390 3538 mole
1411 3484 1526 3537 ruinam
1553 3480 1663 3553 perpeti
1688 3479 1824 3536 formido.

121 3573 222 3637 ruunt,
240 3569 322 3642 plebe
338 3571 447 3628 rustica
461 3571 537 3644 plebi
553 3572 681 3629 concinit
696 3573 824 3644 urbana,
840 3590 893 3646 par
903 3579 948 3630 est
1002 3576 1092 3631 Nemo
1107 3575 1185 3630 enim
1201 3573 1370 3630 alteralteri
1386 3574 1428 3628 sie
1443 3578 1488 3628 est
1498 3575 1585 3627 notus
1596 3569 1825 3627 ntsibi.Undesi

120 3658 269 3713 sententia
296 3660 421 3727 eunctis,
442 3677 497 3715 voa
521 3662 633 3730 eadem,
656 3661 821 3734 studiisque
845 3663 948 3718 ardent
1001 3678 1048 3719 me
1064 3666 1097 3718 ut
1111 3678 1163 3734 ege
1179 3661 1347 3728 nosceretis,
1361 3661 1438 3715 adid
1454 3659 1583 3715 officium
1599 3658 1770 3714 nullatenus
1781 3674 1827 3714 eo·

120 3744 330 3803 communibus
345 3764 447 3803 ornnes
463 3749 568 3804 Maiolo
578 3748 710 3805 tiitulum
722 3749 875 3806 decernere
884 3766 949 3823 pas·
1001 3751 1119 3826 geretis.
1136 3751 1189 3805 Sed
1207 3749 1276 3822 quia
1290 3754 1386 3804 vestra
1398 3751 1482 3821 urget
1492 3747 1599 3818 jussio,
1616 3747 1663 3802 eui
1678 3745 1825 3801 contradi·

119 3832 204 3889 toris.
222 3835 305 3891 Hunc
319 3835 431 3892 clarum
448 3837 654 3905 meritis,hunc
675 3837 827 3894 nobilitate
849 3837 946 3911 legen·
1002 3856 1066 3896 cere
1081 3856 1138 3895 nen
1152 3839 1245 3894 audeo
1263 3855 1269 3892 :
1288 3832 1365 3892 nunc
1380 3837 1408 3892 in
1424 3852 1457 3892 co
1469 3834 1517 3907 qui
1529 3834 1620 3890 lenire
1634 3831 1825 3905 aspera,rele·

118 3921 946 3999 dum,dogmateprecipuum,generosopectoreprimum,
1001 3945 1069 3984 vare
1082 3927 1158 3983 valet
1171 3926 1281 3999 grevia,
1293 3941 1430 3997 superare
1444 3923 1520 3979 valet
1533 3923 1655 3979 adversa
1665 3939 1672 3990 ;
1683 3921 1762 3976 omni
1774 3937 1826 3993 spe

117 4009 303 4084 principibus
318 4016 422 4069 uotum
433 4018 462 4069 et
473 4000 614 4071 nonnulla
625 4018 706 4087 parte
718 4015 947 4072 verendum.Sed
1001 4015 1106 4090 posita,
1122 4019 1218 4070 vestra
1233 4017 1333 4069 mutor
1346 4013 1383 4069 ab
1395 4012 1552 4068 immutata
1567 4011 1722 4067 sententia.
1736 4032 1748 4057 a
1767 4008 1825 4066 Hoc

117 4112 274 4156 assensum
291 4103 323 4156 ut
338 4103 479 4173 preberet
493 4119 560 4158 cum
573 4102 663 4159 nullis
678 4103 844 4159 flecteretur
853 4106 946 4177 preci·
1001 4106 1106 4160 fratres
1115 4102 1215 4159 audito
1223 4117 1326 4157 ornnes
1336 4100 1560 4174 gratulabantur
1569 4099 1639 4167 Deo,
1651 4098 1738 4170 enjus
1747 4097 1827 4154 beni·

117 4186 186 4255 bus,
198 4187 290 4244 abbas
301 4189 377 4245 bono
394 4207 466 4246 usus
481 4191 614 4257 coneilio,
626 4192 705 4264 quod
716 4190 772 4248 eibi
784 4193 948 4266 denegabat
1001 4192 1145 4266 gnissima
1170 4189 1357 4247 miseratione
1382 4188 1513 4245 exaudiri
1539 4192 1710 4244 manserunt
1726 4186 1757 4243 in
1772 4202 1827 4242 sua

116 4273 271 4348 possibile,
286 4276 313 4331 ei
329 4279 380 4348 qui
397 4278 496 4335 omnia
511 4282 607 4351 potest
623 4279 738 4335 studuit
752 4280 944 4338 committere.
992 4277 1151 4354 petitione.
1167 4281 1249 4336 Tunc
1264 4279 1391 4334 domnus
1402 4278 1478 4333 abba
1488 4275 1707 4333 multitudinem
1724 4290 1827 4330 convo·

117 4364 261 4430 Quocirca
274 4369 341 4436 poet
353 4366 537 4439 singularum
561 4367 834 4425 determinationem
860 4369 945 4426 hora·
1001 4362 1827 4439 cansnobilium,pentitloumetabbatum,adhibuitcon·

116 4453 739 4530 rum,superhacpetitioneprostretisin
764 4461 872 4514 terram
888 4459 945 4514 lra·
1001 4449 1823 4530 silium‚inquornmpresentiebaecprerupitinverba:
1864 4457 1869 4466 “
1904 4450 1907 4454 ⁴

116 4536 225 4607 tribus,
242 4543 440 4615 octogesimus
456 4549 556 4601 sentus
572 4545 780 4601 decantabatur
801 4546 944 4617 psalmus.
1001 4545 1164 4603 «Vestram
1180 4544 1302 4601 minime
1316 4543 1387 4600 latet
1402 4540 1663 4612 industriam,quia
1675 4539 1712 4594 ad
1723 4537 1824 4611 prela-

116 4625 237 4700 Hocque
252 4630 323 4687 dum
340 4631 422 4689 tieret
433 4650 485 4706 per
498 4632 701 4702 triduum,tale
712 4632 761 4689 Dei
774 4632 890 4707 pietatis
902 4635 945 4692 in·
960 4622 984 4688 D
999 4641 1045 4693 tos
1060 4634 1188 4708 respicit,
1206 4632 1351 4706 quidquid
1366 4649 1382 4688 a
1399 4630 1525 4688 subditis
1540 4627 1731 4700 delinquitur.
1746 4628 1825 4694 Qua-

116 4713 188 4772 lullt
201 4713 357 4776 indicium·
1001 4727 1120 4799 prepter
1133 4720 1299 4795 exemplum
1314 4736 1407 4794 prava
1418 4718 1530 4786 niteat
1539 4715 1748 4792 negligentiam
1759 4714 1827 4771 snb

156 4802 192 4859 11.
208 4804 240 4860 B.
257 4805 395 4865 Benedicti
410 4813 520 4868 amnicis
545 4811 653 4868 tandem
676 4811 832 4883 acquiescit.
847 4842 881 4852 -
896 4809 948 4867 Vir
1002 4803 1825 4886 ditornmignisgebennaeinexhaustusvindieatldoirce

119 4905 250 4964 namque
263 4893 314 4950 Dei
330 4897 424 4954 nimia
438 4899 581 4956 sollicitus
595 4914 677 4968 cura,
693 4914 760 4954 curu
775 4903 946 4972 sequentem
1001 4919 1054 4977 ego
1070 4900 1261 4975 Heymardus,
1278 4897 1369 4954 sancti
1385 4896 1461 4954 Petri
1482 4893 1682 4953 Cluniacensis
1702 4890 1825 4950 cenobii

120 4982 237 5036 ὓθθῑθω
268 4981 327 5040 fere
350 4986 414 5057 lam
443 4987 569 5044 mediam
603 4987 736 5043 duxisset
767 4985 946 5060 insomnem,
1002 4991 1079 5049 abba
1093 4989 1242 5062 indignus,
1259 4986 1452 5060 presentibus
1466 4989 1553 5058 atque
1567 4983 1675 5039 futuris
1687 4981 1826 5037 omnibus

120 5063 211 5141 longa
249 5074 349 5129 tamen
391 5077 565 5150 cogitatione
608 5076 713 5142 sessus,
752 5089 819 5130 oum
861 5092 949 5149 sopor
1002 5077 1164 5153 generatim
1179 5079 1282 5131 notum
1302 5090 1366 5131 esse
1390 5073 1466 5143 volo,
1491 5073 1562 5146 quia
1584 5071 1645 5128 hec
1668 5075 1697 5127 et
1722 5069 1826 5125 husee·

119 5152 165 5211 ita
190 5154 323 5228 irrueret,
348 5167 380 5219 ut
404 5165 501 5221 adbuc
530 5163 614 5238 quasi
641 5161 812 5236 vigilantem
835 5179 867 5219 se
891 5181 948 5236 pu·
1003 5167 1083 5224 medi
1098 5165 1398 5235 montapartractane,
1415 5167 1499 5219 atate
1519 5161 1705 5233 defatigatus,
1723 5156 1828 5214 officiis

122 5247 210 5312 taret,
233 5247 353 5317 quidam
382 5253 531 5327 religionis
559 5251 660 5309 habitu
688 5256 833 5322 comptus,
858 5268 948 5309 venu—
1003 5257 1092 5313 etiam
1110 5251 1505 5324 eorporisimminutusdnm
1516 5243 1825 5319 minusmepasterali

121 5335 170 5389 sta
184 5332 257 5390 facie
273 5336 406 5409 decorus,
422 5343 503 5398 visus
519 5346 563 5397 est
578 5341 634 5396 sibi
655 5343 751 5395 astare
776 5343 805 5394 ct
828 5338 923 5397 dicere
941 5359 947 5396 :
1004 5360 1079 5401 curae
1094 5342 1231 5397 idoneum
1243 5339 1432 5410 persentisco,
1443 5338 1520 5394 beati
1531 5335 1677 5394 Benedicti
1689 5331 1828 5406 capitula·

123 5419 252 5478 Securus
284 5431 356 5495 esto,
386 5431 490 5498 lrnter;
521 5448 558 5486 ne
586 5429 694 5485 titubes
724 5428 751 5481 in
785 5428 948 5500 suscipion-
1004 5434 1057 5489 tirn
1072 5433 1107 5487 de
1122 5426 1325 5487 constituendo
1340 5426 1445 5482 abbate
1460 5425 1656 5502 sollieitudine
1672 5420 1827 5496 premoni-

124 5509 163 5564 do
176 5510 329 5584 regiminis
351 5517 501 5586 bonorem,
520 5521 589 5592 quia
612 5518 648 5574 ad
673 5517 727 5573 boc
752 5519 949 5590 peragendum
1004 5526 1062 5590 tus,
1079 5529 1146 5576 oum
1162 5516 1302 5572 omnibus·
1317 5514 1456 5572 tratribus
1467 5514 1619 5574 meissrliis
1630 5518 1658 5569 et
1669 5509 1824 5576 conservis,
