3900 6090
728 275 779 339 ΑΙ)
802 276 932 339 OPERA
951 275 1215 338 HRO'PSUITHAE

715 612 986 730 oounnot
1022 612 1230 729 ottutts

827 858 1136 947 romonolo.

593 1064 639 1118 ΑΙ)
661 1062 884 1119 ot‘ttoo‘tttcttot
906 1063 945 1118 111
964 1062 1105 1119 SXONIAE
1124 1061 1353 1118 ouao'tonttu.

686 1214 772 1285 (adit.
789 1214 863 1287 Opp.
884 1214 1061 1271 ttrotsuithn
1077 1213 1146 1270 otini
1164 1214 1256 1286 1501.)

158 1555 292 1638 Difficili
301 1565 328 1616 et
339 1555 426 1635 lonqa
438 1554 750 1637 pei·eqri'noti‘one,non
763 1555 825 1615 sine
833 1554 984 1636 peculiiA
997 1575 1065 1616 rum
1080 1563 1246 1616 nostrorum
1259 1562 1381 1634 patrum
1396 1562 1423 1615 et
1431 1548 1768 1645 propenitorum,circa
1782 1546 1829 1614 lit·

119 1639 212 1699 meiet
224 1654 364 1717 prospere
378 1633 554 1696 valetudinis
561 1636 699 1719 jactura,
707 1635 846 1716 princeps
857 1634 941 1695 illus·

119 1719 254 1790 trissime,
268 1715 434 1778 Germanioi
448 1723 555 1775 nostru
578 1714 652 1790 fines
666 1724 694 1774 et
706 1715 771 1793 ejus
786 1716 941 1788 interiore,

119 1817 184 1882 quse
198 1807 231 1858 tii
243 1815 458 1878 permensaque
467 1804 545 1868 tuus,
556 1793 819 1875 blaqdeburqensis
832 1793 944 1856 orcbie-

114 1879 252 1964 piscopos
266 1886 293 1937 et
311 1875 475 1939 Germaniae
487 1876 613 1956 primas,
627 1875 711 1953 lonqc
727 1875 841 1956 lotaque
854 1877 944 1956 possi-

119 1958 204 2030 detis,
217 1956 408 2037 perlustravi,
425 1976 547 2036 cunique
561 1955 692 2025 laborem
702 1957 732 2015 ei
744 1957 881 2015 itinerum
891 1975 944 2036 pe-

119 2039 217 2100 ricula
231 2037 323 2097 libens
336 2056 449 2117 semper
459 2046 485 2096 et
496 2034 590 2095 iiiloii
602 2036 700 2096 ani'ino
714 2035 801 2107 subii,
818 2044 851 2094 iit
863 2036 940 2095 anti·

119 2139 192 2200 quos
206 2127 234 2178 et
248 2116 377 2177 nondum
394 2119 546 2208 impressos
562 2115 743 2195 inquirerem
763 2114 886 2190 codices,
903 2124 942 2189 et,

118 2201 148 2259 si
166 2218 238 2280 quos
262 2199 293 2256 in
315 2195 459 2258 Hercinia
482 2195 568 2267 siloa,
594 2194 722 2275 Alpibus
747 2193 944 2276 Obnobi'isque

118 2277 275 2350 montibus,
293 2287 320 2337 et
335 2278 424 2337 oastis
439 2274 604 2337 Geionanin
618 2274 841 2346 solitudinibus,
855 2275 944 2355 palu-

120 2359 206 2420 dibus
219 2359 318 2428 etiam,
337 2358 367 2416 in
382 2356 567 2416 monasteriis
591 2363 619 2416 et
647 2353 781 2415 coenobiis
807 2355 941 2416 Druida-

51 2499 53 2502 ,
120 2459 199 2512 rum,
216 2437 437 2497 loriioletissinie
451 2455 469 2496 a
483 2437 591 2495 nostris
606 2435 836 2514 imperatoribus
850 2444 878 2495 et
892 2435 945 2496 du-

998 1645 1074 1696 teras
1089 1644 1118 1697 et
1132 1634 1304 1715 reliqionem
1323 1633 1524 1695 Cbri'stianam
1539 1637 1688 1707 nostram,
1705 1628 1829 1712 dilipen·

998 1717 1067 1776 tiam
1082 1726 1112 1776 et
1121 1717 1208 1796 juqes
1222 1713 1338 1776 labores
1349 1712 1482 1777 viderent
1496 1720 1525 1773 et
1538 1709 1829 1792 ii'itelli'qerent,cam-

997 1797 1185 1856 miseratione
1199 1795 1330 1877 quodam
1345 1795 1460 1867 duetus,
1476 1801 1505 1853 ct
1538 1792 1688 1854 riscorum
1704 1788 1827 1855 aenou

997 1896 1102 1936 norom
1117 1876 1270 1937 laboribus
1281 1877 1391 1936 mirum
1407 1876 1438 1935 in
1453 1892 1499 1933 ino
1520 1892 1569 1933 mn
1580 1875 1825 1952 competierunt,

997 1976 1062 2037 qun
1078 1957 1124 2016 illi
1137 1959 1252 2035 maqni's
1267 1956 1404 2035 impensis
1420 1963 1448 2015 et
1461 1952 1582 2033 uiqili'i's,
1598 1953 1672 2014 dum
1689 1962 1762 2015 aitte
1773 1968 1827 2014 n·

997 2057 1049 2096 nos
1061 2037 1260 2117 septinqentos
1272 2036 1420 2096 Itomanas
1432 2034 1546 2095 litteras
1553 2032 1740 2115 (prinscniin
1751 2031 1827 2096 ara·

997 2118 1038 2179 eis
1051 2117 1099 2184 usi
1110 2115 1235 2196 suimus)
1251 2136 1316 2176 cuin
1331 2115 1475 2207 reliqi'one
1500 2112 1676 2176 Christiana
1698 2114 1826 2196 suscepi·

997 2216 1072 2269 inin,
1088 2197 1283 2277 scripsissent,
1307 2196 1361 2257 illa
1375 2214 1453 2276 pam
1464 2193 1640 2255 soculorum
1654 2203 1826 2257 nostrornm

999 2277 1130 2356 squavia,
1149 2277 1280 2350 incuria,
1295 2285 1323 2336 et
1339 2275 1408 2336 dum
1422 2276 1552 2356 specioso
1572 2274 1648 2335 uitio
1662 2272 1827 2356 sequimur,

998 2375 1017 2416 a
1033 2356 1100 2417 cicli
1113 2357 1239 2436 injuria,
1254 2356 1387 2436 puluere,
1395 2375 1454 2436 pro
1470 2354 1636 2415 litterarum
1646 2352 1827 2429 studi'ispiti

998 2447 1026 2496 et
1040 2437 1131 2509 carre,
1147 2445 1186 2510 ct,
1203 2447 1235 2497 ut
1251 2456 1317 2496 cum
1331 2435 1443 2517 qemitu
1456 2434 1589 2508 dicam,a
1603 2434 1715 2515 blaptis
1726 2435 1824 2509 etium,

119 2520 200 2580 cibus
214 2517 360 2596 fundatis,
379 2517 560 2585 erinenissem,
580 2524 747 2574 nostrorum
771 2516 944 2575 serculorum
998 2518 1142 2577 nonsatis
1159 2527 1222 2578 tota
1237 2526 1339 2577 essent.
1357 2516 1486 2577 Accessit
1498 2516 1577 2576 mira
1592 2514 1673 2575 milii
1693 2514 1826 2597 quoidam

119 2600 276 2680 felicitate,
292 2617 347 2677 per
361 2597 579 2678 impressoriam
590 2605 719 2662 artemo
730 2596 839 2655 nostris
854 2595 945 2656 liomi'-
998 2596 1193 2658 bistoriarnm
1218 2595 1462 2659 Germanicarum
1492 2596 1652 2656 oici'narun
1684 2612 1723 2657 ue
1745 2593 1829 2656 nebi's

120 2679 206 2740 nibus
221 2679 416 2750 cruentamur
430 2676 520 2736 lucem
534 2674 773 2755 proferrein.Ad
782 2694 870 2756 qoam
883 2695 944 2735 rem
999 2678 1153 2737 notionum
1166 2676 1335 2757 capiebant,
1350 2678 1379 2737 si
1389 2695 1461 2757 qnos
1475 2676 1647 2737 invenissem
1681 2694 1698 2736 e
1711 2674 1828 2756 repibm

120 2763 218 2820 multu
232 2768 341 2818 sancet
353 2758 479 2818 bonestae
494 2776 588 2817 coiisse
610 2775 654 2815 me
675 2756 865 2837 impulerunt.
882 2756 946 2817 Nec
999 2767 1028 2816 ct
1043 2757 1271 2837 imperatoribus
1285 2757 1392 2818 nostris
1406 2755 1526 2824 codices.
1546 2765 1602 2817 ant
1614 2755 1829 2818 illorumclare

120 2839 524 2920 vaniloquentiaaliquorum
540 2835 944 2897 maledicorumetdetrocto-
999 2847 1081 2918 qesta
1096 2837 1243 2898 antdicte
1267 2837 1305 2898 ab
1327 2838 1459 2898 externis
1482 2836 1529 2898 oel
1551 2837 1709 2897 nostratiis
1725 2836 1830 2897 li'ttein'i

120 2941 187 2980 rum
202 2940 247 2980 nic
261 2920 298 2979 ab
312 2928 425 2999 incepto
440 2917 586 2978 deterrere
598 2925 746 2996 potuerat.
763 2915 900 2991 Quidum
911 2918 942 2976 in
958 2925 982 2990 Β
999 2917 1223 2990 mandata,illos
1239 2918 1270 2978 in
1283 2917 1374 2979 lucem
1384 2917 1508 2992 ederem,
1525 2917 1629 2979 autad
1642 2917 1825 2979 i'ttniironn

120 3001 179 3063 alio
195 2999 323 3061 viderint
336 2998 417 3079 quod
429 2999 528 3076 impar
541 2998 600 3057 suis
615 2995 738 3068 viribus,
748 2996 794 3057 oel
807 2997 885 3077 quod
896 2995 945 3057 illi
997 3007 1129 3060 nostram
1138 2997 1408 3079 Germaniamque
1420 2999 1449 3058 in
1458 2996 1822 3070 maiii‘bnsest,insererem‚

119 3099 173 3141 iiia
199 3081 333 3158 i'qnooi'o,
355 3088 384 3138 et
407 3077 441 3138 ob
465 3078 583 3138 insitam
599 3076 716 3156 inqenii
728 3087 755 3136 ct
771 3078 884 3137 inertie
896 3076 944 3137 be·
997 3088 1049 3139 out
1067 3088 1246 3157 arqunienta
1270 3076 1421 3140 scribendi
1440 3096 1618 3160 acciperem.
1636 3076 1717 3141 Cum
1738 3080 1745 3092 ‘
1794 3095 1825 3137 ue

122 3160 287 3220 betudi'nem
302 3167 329 3217 et
342 3157 522 3228 tarditatem,
539 3155 685 3234 attinqere
700 3166 857 3236 nequeunt,
874 3175 943 3217 mac
996 3178 1093 3240 nuper
1107 3159 1172 3238 ejus
1185 3159 1287 3239 qratia
1296 3177 1423 3240 pereqro
1435 3163 1586 3238 protectus
1607 3156 1745 3238 fuissem,
1775 3177 1824 3219 or·

120 3238 224 3300 alienu
238 3238 353 3309 virtuti,
370 3239 421 3296 cui
432 3236 510 3296 nibil
523 3236 633 3295 i‘noinm
649 3245 676 3295 ct
691 3237 864 3297 inaccessum
888 3245 939 3309 cst,
999 3249 1081 3319 teque
1095 3239 1124 3298 in
1135 3237 1294 3299 cenobium
1309 3239 1422 3298 ordinis
1434 3237 1533 3299 sancti
1544 3236 1706 3299 Benedicti
1717 3257 1825 3299 conces·

121 3317 322 3398 obloquuntur
335 3326 364 3377 et
376 3316 556 3395 obstrepunt,
573 3316 728 3394 sacrileqi'i
746 3337 781 3375 uc
798 3317 847 3376 'eos
870 3318 942 3376 insi·

121 3399 246 3468 inuloiit,
262 3398 316 3478 qui
330 3406 455 3457 uetustos
468 3395 589 3465 codices,
615 3405 642 3455 et
664 3338 813 3476 quidquid
827 3397 942 3458 littera·

120 3498 187 3540 rum
201 3477 254 3538 sub
271 3476 484 3548 Constantinis,
504 3474 621 3537 Caralis
635 3485 661 3535 et
676 3475 854 3556 Arnnlpliis,
871 3477 941 3537 Fri-

120 3559 226 3620 dericis
243 3568 270 3619 et
285 3556 443 3633 Conrodis,
467 3565 497 3616 et
519 3554 700 3627 Oildoni'bns,
723 3556 894 3617 clarissimis
917 3566 944 3617 et

119 3638 346 3719 reliqiosissiinis
360 3636 599 3718 imperatoribus,
617 3636 647 3695 in
664 3635 854 3697 Germaniam
871 3638 908 3698 ill
928 3673 942 3682 -

120 3730 193 3792 tum,
205 3729 258 3780 aut
272 3717 353 3799 opud
367 3738 418 3776 nos
433 3726 536 3776 natum
551 3717 766 3796 conspexerint,
782 3716 943 3798 Gracaque

119 3810 147 3863 et
161 3800 296 3861 Romana
310 3797 373 3870 illo,
389 3798 489 3879 priseo
503 3796 671 3856 elioroetore
686 3798 943 3877 conscriptadeqe·

118 3901 151 3940 re
166 3901 224 3940 non
259 3879 398 3939 otuerint.
425 3877 535 3952 Quibus
558 3895 610 3956 epo
637 3875 759 3955 benique
784 3875 942 3944 admodum

118 3980 223 4041 respon
247 3980 290 4032 eo,
329 3957 537 4018 ulcberri‘miim
554 3976 610 4016 csse
625 3956 741 4017 bomini
753 3956 898 4018 Germano
914 3966 944 4018 et

996 3320 1105 3391 sissem,
1115 3320 1216 3400 reperi
1228 3319 1461 3392 uetustissimum,
1478 3319 1577 3379 littero
1591 3318 1689 3398 senne
1704 3317 1823 3381 Gallica

997 3409 1026 3460 et
1039 3401 1171 3460 mulieris
1186 3418 1275 3459 monii
1289 3401 1485 3480 conscriptum
1500 3397 1638 3467 codicem,
1660 3396 1716 3458 siib
1741 3398 1823 3460 titulo

997 3490 1026 3540 et
1041 3480 1231 3561 inscriptione
1242 3480 1367 3560 oirqi'ni's
1376 3489 1404 3539 et
1412 3477 1550 3539 monialis
1566 3476 1823 3560 Gerrnanmenlc

1000 3559 1165 3632 Saronico,
1181 3579 1238 3640 quo
1254 3559 1482 3620 continebantur
1495 3577 1530 3619 eo
1543 3577 1611 3640 qun
1627 3560 1657 3620 in
1675 3559 1777 3639 fronte
1797 3568 1823 3620 et

999 3641 1097 3701 indice
1120 3640 1210 3719 liujus
1237 3639 1394 3701 uoluminis
1417 3640 1616 3700 eontinentur.
1646 3638 1822 3700 Incredibile

997 3720 1089 3789 dictu,
1105 3732 1218 3801 quanto
1232 3730 1278 3780 stu
1301 3738 1351 3781 ore
1366 3730 1395 3781 et
1407 3718 1519 3800 paudio
1533 3729 1690 3800 correptos
1701 3720 1821 3799 smnio,

996 3800 1067 3861 dum
1092 3799 1242 3860 mulierem
1270 3740 1447 3863 germanam
1472 3808 1540 3880 post
1563 3809 1718 3862 sescentos
1736 3818 1821 3862 minos

999 3881 1052 3962 (tot
1066 3882 1143 3940 enim
1159 3880 1196 3941 ab
1213 3879 1333 3942 Oddone
1345 3881 1445 3962 primo
1460 3881 1492 3940 in
1501 3888 1632 3940 nostram
1646 3899 1741 3962 usque
1752 3889 1820 3942 aete·

996 3972 1052 4022 tem
1073 3959 1198 4040 llorere)
1216 3960 1325 4021 Latina
1351 3961 1484 4021 oratione
1506 3969 1533 4020 et
1557 3979 1649 4053 uersu·
1662 3960 1820 4042 loquentem

120 4038 466 4102 lanili'toti'bermanien
479 4037 604 4103 notioni,
621 4037 737 4118 siquis,
753 4037 941 4099 anioreli'tte-
998 4041 1140 4121 leqi'ssem.
1157 4040 1297 4102 Mirabar
1313 4042 1343 4100 iii
1357 4060 1392 4102 ca
1406 4041 1589 4102 veliementer
1604 4049 1678 4116 mia,
1714 4039 1819 4102 imad-

118 4138 222 4181 rarum
250 4128 278 4178 et
299 4118 418 4198 patrie,
456 4116 685 4196 ereqrinotiones
707 4118 875 4198 susceperit,
903 4127 939 4193 et,
996 4122 1113 4182 modum
1126 4123 1370 4202 pauei'sconcessa
1384 4129 1461 4197 sunt,
1484 4129 1516 4181 iit
1536 4120 1667 4183 loannes
1722 4119 1820 4184 albut-

119 4217 308 4281 quecumque
321 4138 504 4290 ecempldria
519 4205 614 4256 oetcra
630 4195 734 4259 Gruca
752 4206 805 4258 oiit
818 4198 940 4268 Lati'iia,
996 4203 1072 4282 qius,
1085 4201 1290 4262 Vorinoti'ensis
1305 4202 1424 4262 anti'stes
1435 4201 1564 4269 omnium
1574 4198 1664 4261 demis
1679 4210 1819 4273 nostran,

119 4280 205 4352 dono,
235 4285 469 4350 commutatione,
495 4277 541 4336 oel
563 4285 673 4349 mutuo,
703 4286 756 4336 ant
782 4289 938 4341 numerata
955 4289 977 4357 c
997 4291 1026 4343 et
1041 4282 1208 4342 litterarum
1222 4290 1251 4341 et
1262 4280 1424 4362 priesiilum
1437 4280 1591 4360 sinqnlarc
1604 4289 1818 4352 armamentorio,

115 4360 250 4442 pecunia,
281 4358 454 4439 conquirere
481 4358 581 4433 possit,
612 4356 722 4438 illoque
755 4358 942 4437 impressioni
997 4364 1028 4424 in
1043 4360 1167 4422 distielco
1181 4380 1233 4420 suo
1248 4361 1388 4434 meminit,
1405 4360 1485 4442 quod
1498 4358 1572 4422 talio
1610 4361 1727 4424 stellari
1742 4357 1822 4423 aetot'e

107 4439 272 4518 mandare,
287 4448 324 4513 et,
348 4437 418 4498 dum
445 4437 498 4496 illo
521 4438 661 4516 impresso
683 4448 738 4499 out
760 4441 942 4532 transcripta
995 4443 1151 4522 scripserit
1162 4450 1190 4503 ct
1204 4441 1343 4520 femineo,
1361 4443 1392 4501 i'n
1409 4439 1508 4502 niedi'a
1524 4379 1667 4503 barbarie
1681 4451 1713 4503 et
1723 4442 1822 4524 patria

116 4520 243 4602 suerint,
260 4539 325 4580 eum
351 4538 453 4589 usura,
469 4525 506 4590 et,
524 4526 557 4576 ut
571 4518 614 4578 ita
628 4517 734 4592 dicam,
748 4530 815 4597 post
829 4521 942 4581 li'mmi‘o
996 4521 1122 4585 borrida
1135 4522 1247 4601 penita.
1264 4521 1403 4583 Mirabar
1418 4524 1537 4603 insuper
1558 4522 1705 4603 antiquas
1725 4521 1822 4584 rerba·

117 4602 244 4681 acceptis
259 4600 396 4673 induciis,
414 4600 444 4658 in
460 4597 592 4658 mensio
607 4606 633 4657 et
649 4598 780 4660 eoeiiobi'a
793 4609 943 4662 reuertan-
996 4624 1063 4664 rum
1077 4611 1105 4663 et
1119 4602 1270 4662 nominum
1284 4601 1457 4743 inplici'oncs
1470 4611 1497 4662 ct
1511 4609 1692 4677 structuras,
1708 4611 1743 4663 sit
1762 4602 1821 4665 soit

118 4702 178 4743 iur.
197 4681 355 4756 Quocirca,
376 4680 446 4740 itinn
469 4677 603 4738 oiilissem
627 4679 719 4739 inulta
738 4681 891 4760 pi'ieclaro
915 4689 941 4741 et
994 4704 1051 4766 pro
1064 4683 1134 4756 sibi,
1152 4683 1192 4743 tis
1212 4702 1270 4764 pro
1289 4682 1313 4742 ti
1337 4683 1357 4755 i,
1370 4683 1429 4742 mis
1437 4701 1494 4763 pro
1505 4681 1595 4756 mihi,
1605 4681 1727 4763 fiqisras
1737 4683 1821 4745 ett'ttn

117 4762 251 4822 illustria
269 4760 463 4841 eueniptoria,
490 4768 642 4897 tamquam
666 4779 734 4841 eqre
758 4761 787 4823 ia
801 4772 829 4824 et
843 4764 942 4844 opima
996 4774 1025 4825 et
1038 4764 1199 4824 ilietiimum
1210 4762 1371 4844 passiones,
1388 4772 1422 4823 ut
1435 4762 1563 4823 debrius
1576 4781 1635 4844 pro
1661 4762 1779 4838 obrius,
1794 4771 1820 4825 et

137 4841 252 4902 undam
267 4839 302 4901 ile
316 4841 398 4901 nobis
412 4839 516 4920 spolia,
534 4858 552 4899 a
588 4838 705 4900 Italise
728 4779 885 4905 llermonia
910 4843 942 4902 in
997 4844 1029 4906 i'd
1040 4863 1130 4925 qenus
1144 4843 1246 4924 plura.
1266 4841 1357 4904 Taceo
1373 4841 1506 4905 liberales
1529 4851 1610 4904 artes
1631 4841 1820 4906 matbemati-

116 4863 237 4984 ltaliom
253 4920 351 4983 delata
368 4920 466 5001 ibique
480 4922 632 5061 inpressa,
649 4920 816 5000 coqi'tabam
830 4943 894 5002 eqo,
903 4922 945 4985 ad
995 4921 1441 5005 cosqiieili'sciplinas,i'nquibus
1454 4942 1484 4983 se
1498 4922 1552 4983 illo
1562 4921 1681 4985 doctam
1691 4921 1821 4985 stadini-

115 5022 171 5077 me,
188 5002 332 5062 bominem
350 5002 380 5061 in
395 4999 492 5061 meilia
528 4999 669 5062 'orniam'o
684 5010 711 5061 et
726 5000 872 5064 llercini'a
885 5024 947 5087 ηας
996 5004 1119 5066 rabilem
1134 5002 1270 5078 ostendit,
1287 5013 1320 5064 iit
1335 5002 1371 5063 de
1387 5003 1463 5064 tonis
1477 5012 1506 5063 et
1516 5004 1629 5064 musica
1639 5004 1672 5064 in
1682 5001 1822 5087 Papium-

117 5092 188 5158 tum,
207 5092 236 5143 et
248 5083 304 5163 qui
313 5084 429 5162 prinnis
445 5081 522 5140 inter
538 5079 699 5141 Germanos
714 5081 880 5145 litterarum
895 5106 943 5147 or·
996 5086 1048 5154 tio,
1064 5083 1142 5145 etde
1156 5085 1196 5160 oi,
1211 5094 1239 5144 et
1253 5085 1373 5158 virtute,
1389 5093 1420 5144 et
1438 5084 1554 5145 naturis
1574 5102 1769 5145 numerorum
1791 5083 1821 5144 in

115 5172 255 5224 nomento
270 5172 297 5222 ct
312 5163 454 5240 insiqnia.
466 5179 501 5220 ac
516 5160 699 5240 imperialem
710 5160 828 5224 laurum
843 5184 861 5225 a
877 5166 941 5228 Coc·
994 5163 1157 5245 fideoimd
1168 5165 1197 5224 si
1207 5163 1358 5245 aliquibus
1370 5165 1513 5226 orationis
1527 5165 1702 5246 compositio
1716 5165 1747 5226 in
1759 5182 1822 5225 car-

115 5263 192 5317 sare,
210 5252 271 5316 tuo,
289 5242 434 5333 Princeps
451 5240 658 5313 illustrissime,
675 5240 838 5316 Frielericc,
850 5245 941 5307 ductu
995 5247 1073 5306 mine
1086 5255 1114 5305 et
1124 5244 1258 5306 oratione
1272 5245 1335 5305 e'ns
1344 5263 1448 5306 nasum
1463 5243 1822 5328 conumeratmiquo

116 5335 144 5386 et
165 5325 280 5385 monitu
303 5340 484 5403 accepissem,
510 5321 696 5381 successionis
714 5330 741 5382 et
761 5322 941 5388 baereditatis
994 5346 1036 5394 so,
1051 5325 1167 5386 reiciam
1181 5266 1320 5400 nonsibi,
1335 5323 1604 5386 sediliissnistem
1671 5323 1743 5401 'bitu
1805 5325 1812 5339 ’

111 5405 185 5484 jure
198 5413 329 5485 spectare
343 5401 456 5475 debere,
471 5410 502 5461 ut
517 5400 638 5461 latentes
652 5401 682 5460 in
697 5401 816 5464 obscuro
830 5406 941 5468 codices
996 5403 1211 5468 busnullaalia
1225 5403 1558 5487 eloquentia,propterb
1613 5423 1741 5469 orarum
1775 5405 1821 5467 'lii-

117 5485 196 5545 velut
212 5483 474 5576 uenatoreqreqins
488 5480 849 5566 elicerem,Germoni'sque
857 5488 939 5564 meis,
994 5488 1198 5569 oiumparens
1209 5485 1378 5548 litterarum
1387 5485 1480 5549 Italia
1487 5485 1706 5549 marittimis
1714 5486 1820 5552 Decre-

119 5571 260 5658 tanquam
270 5582 392 5655 opipera
402 5561 797 5655 quedamppcrennquibus
813 5565 942 5658 illi'oete·
955 5565 979 5640 D
994 5569 1066 5662 tales
1081 5577 1107 5632 et
1126 5565 1313 5657 Clementiae
1327 5585 1424 5658 omnes
1435 5565 1500 5660 ejus
1514 5567 1655 5663 temporit
1668 5575 1701 5658 et
1720 5565 1827 5671 iaculi
